3034 4878
296 390 361 458 868
611 399 858 458 niveusoauu
876 401 1071 454 urrsroun

296 552 389 617 Ante
400 547 568 616 salutifero
581 549 664 614 ieiix
676 567 752 614 cum
769 549 884 614 charta
895 549 1010 615 libello

339 655 443 718 Dona
455 658 574 735 negata
587 650 658 729 din,
672 646 893 734 multiplicata
907 651 1013 715 daret.

295 755 401 821 Trina
415 755 535 818 etenim
550 753 646 818 veria
660 751 801 816 florebat
814 751 955 834 epistola
970 757 1079 829 textu,

340 857 407 921 Sed
421 871 596 920 numerosa
609 855 732 937 triplex
745 855 870 938 pagina
885 852 1025 917 Carmen
1038 859 1120 917 erat.

298 959 423 1025 Duleie
438 957 643 1022 multimodis
657 955 814 1039 quaedam
830 957 1004 1020 subamara
1017 951 1162 1038 querelis

340 1057 456 1126 Anxia
471 1077 622 1124 censurae
635 1059 947 1141 miscueratpietas.

299 1159 369 1224 Sed
383 1159 464 1230 mihi
478 1161 559 1223 mite
573 1160 678 1242 patris
692 1159 877 1242 plusquam·
888 1158 1038 1223 censoris
1050 1155 1210 1220 acerbum

341 1259 447 1337 Sedit,
463 1267 497 1325 et
510 1279 528 1324 e
543 1259 674 1323 blandis
688 1279 808 1343 aspera
821 1279 925 1343 pensu
938 1260 1063 1324 animo.

304 1362 375 1427 {eta
391 1381 451 1425 ruo
466 1359 631 1425 referenda
644 1359 722 1423 loco
731 1363 861 1437 tamen,
876 1365 909 1423 et
924 1359 1073 1440 graviore

343 1461 500 1527 Vindicis
515 1461 608 1526 heroi
624 1466 701 1525 sunt
715 1461 874 1542 agitanda
889 1467 981 1525 seno.

300 1566 434 1633 Interea
447 1563 555 1630 levior
569 1564 688 1647 paucis
701 1565 874 1646 praecurrit
884 1565 1030 1643 iambus,

343 1667 503 1732 Discreto'
515 1665 661 1730 reserens
674 1673 789 1730 mutua
803 1667 906 1730 verba
920 1667 1015 1749 pede.

300 1769 401 1838 Nunc
415 1768 503 1850 elegi
517 1767 646 1832 salvere
655 1766 788 1850 jubent,
803 1767 956 1851 dictuque
973 1769 1092 1846 salute,

275 1927 283 1972 ,ι
343 1869 393 1935 Ut
405 1868 515 1934 iecere
530 1867 607 1934 aitis
621 1887 698 1932 orsa
711 1867 923 1951 gradumque,
939 1869 1046 1934 silent.

339 2072 434 2153 Quid
447 2073 622 2139 abdicatas
631 2072 671 2136 iu
684 2087 798 2136 meam·
809 2089 935 2150 euram,
947 2077 1054 2156 peter,

388 2173 514 2238 Redire
529 2172 650 2237 Musas
663 2172 842 2256 praecipisi

346 2273 484 2357 Negant
497 2273 678 2353 camenis,
694 2295 755 2339 nec
769 2281 886 2358 patent
899 2272 1050 2358 Apollini

388 2375 511 2441 Dicata
523 2374 655 2440 Christo
671 2383 819 2459 pectora.

346 2477 426 2542 Fuit
438 2478 504 2541 ista
519 2478 687 2561 quendam
701 2497 766 2542 nun
780 2498 856 2560 ope,
871 2477 931 2542 sed
946 2478 1059 2544 studio
1077 2479 1163 2560 pari,

388 2577 515 2643 Tecum
528 2579 611 2642 mihi
626 2579 815 2656 concordia,

346 2678 441 2748 Ciere
456 2680 593 2744 surdum
608 2680 776 2764 Delphica
791 2680 1090 2764 Phoebumspecu,

390 2780 524 2847 Vocare
540 2783 658 2846 Musas
673 2785 825 2862 numina;

346 2883 520 2967 Fundique
534 2903 664 2960 munus,
680 2901 813 2947 munere
827 2881 992 2946 indultum
1007 2880 1085 2956 Dei,

388 2985 507 3050 Petere
522 3004 542 3048 e
556 2983 745 3048 nemoribus
760 2987 818 3048 aut
831 2983 936 3067 jugis.

346 3085 450 3151 Nunc
466 3087 532 3150 ulia
545 3091 683 3149 mentem
695 3085 748 3148 vis
763 3085 842 3167 agit·
858 3085 964 3168 major
978 3083 1092 3164 Dens;

388 3184 552 3270 Aliosque
565 3205 674 3250 mores
688 3187 843 3268 postulat,

348 3287 421 3353 Sibi
436 3307 617 3371 reposcens
633 3287 675 3351 ab
690 3285 953 3352 nominezmunus
968 3303 1077 3363 suum,

389 3386 552 3452 Vivamns
565 3394 605 3451 ut
619 3388 700 3452 vitae
713 3387 813 3469 patri.

344 3485 480 3552 Vacare
495 3488 601 3567 vanis,
615 3489 683 3552 otio
698 3495 758 3552 aut
770 3490 918 3572 negotio,

390 3589 433 3654 Et
446 3587 610 3654 sabulosis
624 3589 740 3667 literis,

344 3686 461 3770 Vetat,
478 3689 550 3757 suis
567 3694 602 3754 ut
615 3689 949 3776 pareamuslegibus,

388 3794 582 3877 Lucemqne
596 3811 771 3858 cernamus
785 3811 898 3856 suam:

348 3892 461 3973 Quam
474 3895 528 3959 vis
543 3895 721 3977 sophorum
736 3894 871 3973 callida,
887 3911 1007 3975 arsque
1023 3891 1268 3973 Raetorum

391 3995 564 4078 Figmentu
578 4000 692 4059 vatum
705 3993 869 4071 nubilant,

349 4093 418 4173 Qui
433 4096 534 4160 corda
547 4094 639 4160 falsis
653 4101 754 4178 atque
766 4095 864 4160 vanis
878 4094 1040 4171 imbuunt,

390 4195 601 4280 Tantumque
614 4199 746 4278 linguas
760 4197 943 4262 instruunt:
