3026 4898
561 933 1106 1060 AUSONII-

488 1269 1192 1370 ECLOGARIUM.

693 1585 957 1602 μ

579 1857 627 1905 uu
650 1855 819 1904 errrore
843 1851 978 1900 cruam.
1020 1833 1086 1899 368

281 1991 454 2074 Murrius
468 1991 669 2076 quicumque
684 2008 817 2054 manere
831 1987 982 2070 ingentia
993 1983 1109 2050 muudi

281 2095 444 2179 Corpora,
466 2094 596 2158 sublimi
612 2093 691 2157 coeli
706 2089 914 2157 circumdate
928 2107 1021 2173 gyro,

281 2197 327 2261 Et
340 2203 441 2262 tantm
455 2195 580 2258 nullam
595 2195 675 2258 moli
690 2191 893 2257 intercedere
905 2190 1036 2269 labem3

282 2295 424 2379 Accipe,
446 2293 534 2377 quod
548 2294 663 2357 mirere
677 2292 794 2374 magis.
838 2290 1055 2354 Tenuissima
1069 2286 1170 2352 tantis

313 2476 427 2538 Qubquir
436 2489 461 2524 ea
472 2473 512 2538 qui
522 2473 649 2524 ulmeis
658 2487 745 2534 megae
755 2485 851 2534 erepere
861 2470 925 2520 oreb
938 2474 1046 2536 perstare
1061 2469 1139 2518 dueta
1154 2468 1203 2516 alte
1217 2465 1307 2515 cortice
1317 2429 1381 2523 eceli,

281 2541 503 2590 “albitrium
519 2538 546 2588 ia
562 2543 630 2587 unta
649 2552 744 2596 marc,-
760 2537 816 2585 curli
833 2535 925 2599 aliquid
944 2534 1021 2598 mgis
1037 2533 1210 2584 adedrndan.
1243 2531 1381 2580 rutam-

775 2704 885 2756 NOTAE

313 2821 604 2888 EeloguriamJCcllectic
612 2820 810 2886 quaedemcpua·
850 2817 949 2884 plumbi
968 2821 1014 2866 aut
1030 2814 1119 2880 gravia
1130 2812 1241 2877 alicujus
1252 2811 1317 2860 aliua
1327 2825 1383 2860 ccr-

283 2899 396 2948 culorum
408 2897 582 2962 sequentium,
592 2897 600 2924 ‘
610 2895 644 2944 de
655 2896 755 2944 ratione
769 2893 810 2942 Li·
850 2893 919 2957 peria
930 2907 989 2956 cpe,
1004 2892 1169 2956 expleramua
1188 2903 1222 2938 an
1242 2901 1319 2951 arem,
1337 2902 1384 2951 pe·

283 2971 356 3034 bref
374 2971 426 3020 ‘tle
446 2971 545 3020 ratione
557 2970 690 3035 puerperii
701 2966 811 3031 maturi:
851 2970 975 3030 riataave,
995 2972 1041 3017 eut
1059 2966 1201 3016 arrectaria
1221 2971 1295 3014 recta
1319 2964 1382 3026 aiut,

282 3052 333 3098 tre.
350 3061 408 3112 quee
425 3047 452 3096 iu
469 3046 558 3096 vineti
576 3046 699 3106 editione,
713 3045 811 3109 atraque
851 3061 884 3095 an
895 3043 1075 3111 propendeant
1093 3043 1121 3092 in
1142 3049 1245 3107 partem
1262 3041 1383 3104 aliquam,

284 3120 415 3186 Eclcgrril
437 3121 522 3182 titulo,
538 3119 645 3168 aecraim
667 3117 738 3168 edita
762 3119 812 3168 rub
850 3121 965 3170 locorum
982 3133 1084 3184 quoque
1103 3117 1190 3181 ritum,
1206 3123 1234 3168 et
1248 3115 1383 3179 fastigium

282 3193 753 3258 totidemidyllicrumuumeriaaunt.
771 3194 812 3242 Ex
853 3194 887 3244 ad
897 3207 971 3258 aquae
981 3193 1126 3256 ductuque
1136 3193 1228 3242 aleam.
1260 3191 1383 3255 Denique

282 3270 358 3320 titulo
378 3283 455 3334 porro
472 3269 600 3332 Eclcgarii
621 3275 730 3332 apparet
744 3267 813 3316 ἐκλο-
852 3271 879 3320 in
895 3271 973 3322 rebue
992 3269 1049 3320 aliia
1069 3269 1186 3320 omuibus
1204 3268 1384 3333 metaphorice

281 3345 329 3408 pbr
339 3359 406 3408 erre,
416 3344 443 3394 id
454 3353 503 3407 eat,
515 3350 639 3409 excerpta
650 3343 768 3409 quedam
779 3357 812 3394 ex
854 3353 985 3411 procerte
995 3346 1063 3409 lege,
1073 3345 1161 3408 modo,
1171 3357 1386 3412 meururmregu-

277 3423 350 3486 justo
361 3434 441 3485 opere
453 3419 610 3470 Auacuiruu.
853 3422 888 3484 la,
907 3428 1163 3486 temperamentoque
1174 3429 1247 3472 rectu
1261 3431 1290 3471 et
1306 3434 1384 3485 teque

316 3496 356 3546 De
364 3495 455 3544 ratim
464 3493 543 3556 libra]
553 3494 595 3544 Ad
604 3494 680 3558 bajua
690 3493 814 3558 pc'e'matii
853 3496 929 3547 ttbrae
941 3510 1034 3546 nomeu
1046 3503 1193 3560 usurpatur.

282 3569 489 3634 intelligentium,
521 3569 708 3620 observandum
740 3571 814 3622 libra
887 3571 1024 3633 llrrgeatiu
1042 3573 1125 3622 mundi
1142 3571 1259 3636 corpora]
1276 3571 1384 3621 'ferram

282 3659 376 3696 nomeu
397 3645 470 3695 varie
491 3645 628 3708 uaurperi:
649 3660 697 3709 pro
718 3645 815 3696 iurtru·
855 3647 1112 3711 cumclrcumpceitia
1130 3647 1265 3699 elementia
1282 3655 1385 3698 tautum

282 3725 370 3770 mento
386 3733 436 3784 quc
455 3733 497 3768 rea
513 3719 701 3782 ponderantur,
717 3721 815 3770 trutina
855 3720 977 3784 iutelligit
988 3721 1030 3771 bic
1041 3720 1161 3784 Viuetur,
1171 3721 1205 3770 (le
1215 3721 1307 3787 quibua
1319 3722 1387 3772 Ovi·

283 3803 349 3860 pute
370 3800 416 3844 aut
437 3801 545 3856 statera,
564 3810 610 3845 aree
628 3794 739 3844 murce:
765 3809 814 3858 pre
853 3797 912 3847 diua
936 3797 1003 3846 Met.
1023 3810 1042 3848 r.
1068 3796 1213 3847 ‘Demeter
1233 3797 1272 3846 hir
1296 3797 1385 3855 tellua,

282 3878 356 3922 certe
369 3870 494 3936 pondere,
510 3871 633 3921 auellere.
665 3869 814 3936 Quodque
853 3873 1032 3937 elementaque
1054 3871 1163 3936 grandia
1184 3870 1283 3922 traxit.'
1329 3871 1385 3922 Sed

283 3950 348 4000 araia
365 3947 465 4016 pcudur
482 3952 549 4010 erut,
567 3949 635 3999 libre
646 3963 750 4014 quoque
765 3964 813 4014 pru
853 3950 923 4014 iprca
934 3961 1036 4013 quoque
1047 3956 1174 4000 antrorum
1185 3947 1271 4013 urbea,
1282 3949 1328 4012 qui
1337 3962 1386 4013 per

282 4037 339 4074 aare
358 4019 476 4074 rumitur.
509 4023 589 4087 Cujus
610 4031 697 4089 partae
716 4024 814 4076 (luode-
854 4026 952 4076 oetbera
962 4021 1093 4086 feruntur,
1101 4023 1249 4089 intelligere
1258 4023 1294 4072 ull
1302 4029 1387 4074 vetat.

282 4098 342 4161 clm,
365 4099 497 4150 auctuum
520 4098 623 4148 nomine
646 4097 764 4162 rentum,
780 4101 813 4150 de
854 4101 879 4150 Ii
887 4099 955 4153 euim
967 4113 999 4148 ex
1013 4101 1105 4150 atomis
1113 4099 1193 4151 etiam
1210 4096 1316 4152 conflati
1323 4099 1387 4164 jux·

283 4173 375 4237 quibua
386 4172 462 4224 luira.
496 4174 812 4240 Prciuatrumeutc‚quc‚
852 4182 881 4226 ta
891 4175 1043 4239 Epicureum
1135 4213 1138 4220 ,
