3016 4894
506 361 660 412 AUSONII
686 365 882 416 neisronffl.

149 493 226 560 Nec
236 497 309 580 jorn
326 499 399 563 sola
412 501 493 565 mihi
506 502 616 585 pietas
630 525 706 570 mee
720 509 839 574 suadet
852 527 1012 576 emerem:

193 598 336 663 Nomine
350 606 385 666 te
399 603 523 683 gemini
532 603 606 686 jem
620 609 778 688 genitoris
792 607 897 694 amo.)

144 693 303 763 Accessit
316 701 443 779 titulus,
458 707 517 767 tua
531 723 598 787 quo
613 709 794 773 reverentia
807 718 957 776 crescet:

190 796 269 874 Quo
284 799 425 865 doceam
438 808 565 882 netum3
580 807 662 888 quid
677 808 721 872 sit
734 829 844 874 amare
858 818 998 892 petrem.
1193 818 1236 880 10

145 893 283 981 Quippe
297 901 360 964 tibi
377 908 530 985 aequatus
544 905 671 984 videor,
685 909 776 991 qood
789 912 950 993 parvulus
965 915 1033 978 isto

187 997 333 1064 Nomine
346 1001 542 1067 honoratum
556 1023 610 1068 me
625 1026 758 1090 quoque
772 1012 944 1090 nobilitet;

141 1093 255 1180 Atque
270 1107 353 1166 setas
369 1103 450 1184 qnia
464 1111 578 1170 nostra
594 1106 732 1194 eadem:
753 1131 831 1176 nam
845 1115 1002 1196 supparis
1015 1116 1081 1180 aevi

184 1199 269 1264 Sum
283 1203 345 1267 tibi
358 1223 430 1286 ego,
445 1212 479 1269 et
493 1224 634 1286 possum
646 1207 758 1275 fratris
770 1211 892 1276 habere
906 1215 1024 1280 vicem.

141 1299 218 1366 Nee
232 1309 360 1368 tantum
375 1306 498 1370 nostris
511 1307 657 1390 spatium
678 1309 897 1394 interponitur
911 1315 1016 1391 enniS,
1189 1317 1232 1382 15

184 1402 323 1481 Quanta
338 1405 446 1470 solent
460 1406 546 1471 elios
561 1415 713 1492 tempora
728 1413 887 1478 dividere.

138 1502 222 1568 Vidi
237 1507 441 1587 eganatales
452 1508 592 1573 fratrum
607 1510 732 1576 distare
747 1519 796 1577 tot
811 1516 920 1594 annis,

182 1605 275 1684 Quot
288 1616 439 1674 nostros:
462 1631 572 1676 sevum
586 1614 719 1678 nomine
731 1633 800 1678 non
814 1621 963 1681 onerent.

136 1809 198 1872 unqe
207 1795 276 1846 crica
284 1797 362 1860 pietas
372 1798 473 1862 inspirat
482 1798 542 1848 mitt
551 1815 651 1850 amorem
659 1802 730 1851 inte:
747 1804 821 1866 diligo
833 1809 857 1853 te
866 1820 926 1854 eane
934 1804 1005 1855 titolo
1013 1806 1114 1869 duplicis
1118 1805 1226 1870 patric.)

135 1859 295 1922 adrectaocst,
305 1863 408 1925 inquam,
424 1865 519 1922 titulae,
534 1867 575 1927 qui
590 1871 676 1926 augeat
692 1878 766 1915 meam
782 1869 808 1917 in
825 1873 849 1916 te
863 1869 1046 1919 emtionem.-
1063 1876 1090 1921 at
1106 1873 1225 1920 ostendam

125 1923 183 1985 filio
192 1924 250 1986 qnid
259 1925 293 1974 sit
307 1931 429 1988 parentem
446 1928 552 1988 diligere.
586 1930 683 1978 Etenim
694 1931 773 1980 videor
783 1932 829 1980 tilii
839 1932 1005 1996 acciperetur,
1014 1935 1122 1996 quoniam
1133 1935 1170 1983 iric
1186 1935 1225 1982 tn·

126 1985 239 2042 santolo
252 2003 288 2038 ore
296 1991 369 2038 etiam
379 1992 473 2040 decorat
483 1997 507 2039 et
518 1992 619 2053 irriguit
630 1995 672 2042 lroc
681 1995 773 2044 nomine
789 1995 874 2057 patrie.
909 1997 945 2045 Et
955 1997 1062 2059 qnoniam
1072 2001 1151 2047 eodem
1156 2013 1223 2060 pere

132 2055 191 2100 nato
197 2067 286 2101 summ.
302 2053 360 2102 Sam
369 2057 431 2103 enim
437 2055 517 2103 atatis
528 2059 593 2104 taam
600 2058 707 2119 proxime
716 2059 873 2120 sequentie,et
879 2075 973 2122 possm
985 2061 1066 2109 doleri
1071 2061 1153 2120 frater
1160 2066 1223 2110 mor.

134 2114 218 2178 Neque
227 2120 320 2166 tantum
330 2118 478 2168 intervalium
493 2119 619 2168 intercedit
635 2121 697 2169 inter
713 2127 805 2171 nostros
821 2138 904 2186 annos,
920 2129 1007 2187 praeta
1021 2125 1099 2188 spatia
1115 2125 1226 2186 temporis

131 2179 206 2228 soient
215 2180 356 2230 intercedere
366 2183 429 2231 inter
437 2183 496 2232 aiios
503 2188 585 2245 patres
596 2189 621 2232 ei
630 2189 705 2234 natos.
738 2187 791 2247 Ego
802 2187 852 2236 cidi
860 2189 912 2237 dier
920 2189 1011 2237 natales
1020 2188 1224 2251 quorundamjra·

132 2245 196 2291 tram
213 2245 311 2294 totidem
329 2245 397 2294 annis
414 2247 538 2312 distantes,
553 2251 608 2310 anot
626 2249 702 2297 nostri
721 2250 821 2302 dictaret.
860 2252 964 2301 Nomina
978 2253 1059 2316 patro
1076 2257 1100 2302 et
1108 2250 1163 2314 filii
1179 2267 1225 2300 noc

587 2374 768 2398 OWNOMO

163 2447 179 2492 8
191 2442 243 2520 Pro
252 2445 343 2520 gerrici
353 2446 459 2510 conjicit
470 2445 614 2523 tlrooovios
623 2450 791 2526 nemim—11
811 2451 875 2508 Quia
887 2453 1001 2516 paronio
1011 2453 1057 2502 iric
1067 2453 1143 2517 Volg.
1171 2455 1223 2504 icto

130 2514 257 2623 {tritt
265 2511 777 2644 millii?lilii-emilii}
789 2517 865 2646 itt
883 2518 949 2632 Tell·
966 2518 1222 2633 ttl‘oltt't‘ts

542 2725 545 2730 ·
622 2703 732 2759 NOTAE

127 2814 259 2850 murmure
284 2816 341 2852 corn
368 2801 457 2865 primis
483 2802 653 2852 meditaretur
693 2802 786 2867 petris,
802 2810 829 2854 et
837 2802 884 2854 iiiii
890 2803 989 2868 juvene
998 2803 1134 2854 admodum
1145 2809 1220 2877 petre

127 2874 215 2926 verbio
234 2877 378 2926 absolvere.
411 2878 476 2927 Com
495 2883 581 2928 antem
607 2879 651 2928 ilie
693 2879 815 2942 succepti.

124 2953 203 3003 metri
214 2959 345 3017 superstes
354 2967 405 3003 non
416 2953 507 3016 fuerit,
519 2968 578 3019 quae
589 2967 652 3003 non·
725 2959 756 3003 14
772 2955 914 3016 Etpastum
925 2953 1016 3014 froddo
1030 2953 1115 3004 tabere
1132 2953 1218 3018 eicch

125 3029 187 3078 dom
197 3034 289 3092 quator
300 3034 420 3092 septenos
431 3028 591 3077 Decembres
605 3028 651 3076 im·
691 3028 879 3090 Planesium,
896 3029 922 3076 in
933 3043 986 3094 qno
995 3029 1089 3079 nodum
1102 3028 1173 3078 velut
1191 3029 1218 3078 in

124 3104 442 3169 piererst‚(exPerental.
451 3117 490 3153 rx.
497 3103 541 3154 nbi
547 3105 651 3167 juvenis
691 3104 776 3167 scirpo
787 3105 881 3170 quierit
891 3105 1016 3168 Scaliger,
1034 3105 1078 3169 qni
1088 3104 1158 3154 aiace
1168 3118 1216 3168 pro

119 3182 214 3246 juveni
230 3183 286 3232 viro
305 3188 347 3232 est
367 3181 480 3245 erepte‚)
496 3182 556 3232 hinc
574 3181 650 3232 icelle
689 3179 853 3229 iaboenobis
864 3180 1129 3236 oonntnrobirndero‚
1139 3186 1167 3229 et
1179 3179 1217 3228 in-

123 3258 230 3322 calligcs
241 3273 292 3308 non
304 3258 385 3308 multe
396 3263 455 3307 ante
469 3258 534 3306 hanc
546 3257 648 3320 Episto·
690 3260 851 3318 terpretetur
870 3253 1013 3318 ἄδελφὶζειν,
1035 3256 1085 3305 iroc
1100 3260 1149 3317 est,
1165 3252 1217 3303 ira·

122 3337 174 3386 iem
192 3333 350 3385 ebAnsonio
372 3334 469 3397 scripte
489 3332 568 3382 scrisse
587 3332 649 3382 Car-
689 3337 743 3381 tres
754 3347 781 3382 se
792 3338 880 3382 mntoo
892 3335 1031 3397 appellare.
1063 3333 1132 3384 linio
1147 3347 1215 3384 eom·

121 3410 202 3473 mine,
227 3417 289 3460 tnnc
312 3409 433 3472 temporis
454 3422 533 3458 annos
558 3407 648 3470 viginti
688 3408 1096 3470 mentononpossnmeocedere.

121 3484 235 3549 quinque
257 3485 299 3533 vix
320 3498 492 3548 supergresso.
525 3484 600 3536 Quod
626 3485 648 3534 si
719 3485 732 3511 ⁹
748 3484 783 3531 Et
796 3497 890 3546 porrum
909 3483 1000 3541 srairr‘s
1024 3485 1108 3535 raiae
1127 3485 1214 3548 viceor]

121 3574 165 3610 res
176 3561 290 3610 cliterce
300 3560 415 3622 heberei,
432 3560 469 3608 nii
479 3559 558 3622 magis
571 3560 648 3608 inani·
689 3557 741 3608 Pro
757 3573 828 3608 more
847 3559 1013 3624 eruditorum,
1030 3563 1073 3624 qni
1095 3561 1160 3611 tolca
1176 3561 1215 3610 vi·

121 3650 177 3685 som
188 3634 267 3699 foret,
282 3650 357 3700 quem
380 3650 412 3684 ee
433 3649 490 3698 qoae
512 3634 589 3684 toties
609 3635 647 3685 in·
688 3632 744 3682 deri
755 3631 886 3694 affectent,
901 3634 985 3685 locum
996 3636 1063 3686 irnnc
1075 3636 1151 3686 valde
1168 3651 1213 3686 ex·

120 3713 206 3763 enicet
222 3712 316 3776 Poeta,
332 3727 361 3762 se
381 3711 497 3775 parentis
516 3724 572 3760 cero
588 3725 648 3776 snp·
688 3708 805 3771 peditum
823 3708 928 3758 intricat
946 3707 1071 3773 Scaliger,
1086 3710 1146 3760 dnm
1166 3724 1213 3773 pro

119 3802 210 3854 parem
232 3803 299 3852 csse,
325 3801 434 3852 eumque
454 3786 543 3836 fratris
565 3787 647 3837 vicem
687 3784 770 3834 laben
782 3784 886 3848 reponit
901 3783 980 3847 aiore,
998 3785 1065 3849 qnod
1085 3793 1127 3836 eet
1141 3786 1210 3834 ἀδελ-

119 3863 217 3914 liebere
228 3877 312 3928 posse,
321 3870 478 3914 nectentem
489 3862 566 3925 spatii
576 3863 646 3913 inter
686 3857 769 3921 φίζειν.
801 3857 888 3909 Antea
898 3859 966 3908 dixit
975 3858 1114 3922 Antonios,
1132 3861 1140 3888 ‘
1153 3873 1212 3922 sup·

119 3939 255 4004 utriusque
274 3953 352 3988 annos
379 3938 521 4001 interponi,
549 3945 646 4002 quante
686 3935 755 3996 paris
774 3934 823 3983 mvi
842 3948 897 3983 ium
916 3933 964 3984 tibi
982 3935 1058 3998 ego?
1082 3931 1209 3998 sequitur,

118 4015 183 4065 aiios
195 4022 312 4077 tempora
322 4014 406 4062 solent
416 4012 542 4062 dividere.
682 4011 691 4039 ⁶
703 4015 730 4058 et
751 4023 855 4073 possum
874 4008 966 4077 scotris,
982 4009 1078 4059 hebere
1099 4009 1182 4058 vicem
1192 4010 1210 4060 ι’

151 4095 182 4140 18
199 4089 315 4157 Sapparis
325 4089 382 4152 ani]
398 4087 523 4137 Proxime
534 4101 643 4153 sequen-
683 4101 776 4149 nempe
786 4083 815 4134 ei
826 4085 885 4147 tibi,
901 4077 1013 4136 refertur
1027 4084 1060 4133 ed
1071 4091 1209 4152 utromque

116 4168 162 4231 tis,
171 4173 200 4218 et
212 4180 285 4232 pene
298 4166 384 4232 perir3
401 4164 476 4229 quale
487 4167 643 4235 potestesse
681 4161 788 4225 thorce
799 4159 920 4214 cretionis
930 4157 1079 4211 membrum.
