3026 4898
573 649 647 698 xu.
682 637 1060 696 rnouuornonronff·

431 772 621 832 ausonius
646 762 811 832 monuob
834 779 1086 832 rnoeousunr.
1129 762 1205 828 337.

310 899 397 966 Sero
422 899 504 964 mihi
526 898 617 984 apud
636 899 725 964 alios
747 915 807 982 pro
831 897 957 965 laboris
978 897 1115 964 modulo
1137 894 1273 960 laudem
1294 913 1363 959 non

268 1020 368 1088 posse
392 1001 583 1085 procedere.
627 999 739 1078 Quam
766 1007 878 1065 tamen
903 1001 932 1064 si
961 1005 998 1065 tu
1026 998 1217 1075 indulseris,
1246 994 1363 1062 uiuit

267 1102 430 1170 Afranius
443 1103 479 1166 in
492 1102 648 1180 Thaide‚⁰
1187 1125 1189 1130 ¹

419 1202 584 1288 Majorem
599 1202 757 1280 laudem‚‘¹
774 1221 874 1286 quam
888 1203 1036 1268 laborem
1050 1201 1233 1266 invenero.²

270 1306 363 1385 Quee‘
369 1305 517 1370 lecturus
528 1323 579 1382 es,
591 1302 849 1386 Monosylluba·
862 1308 952 1381 sunt,
960 1301 1060 1386 quasi
1074 1299 1231 1383 quasdam
1239 1303 1366 1382 puncta

270 1424 477 1470 sermonum:
499 1404 536 1469 in
557 1403 804 1487 quibusnullus
818 1404 988 1470 facundiae
1011 1403 1108 1467 locus
1130 1408 1191 1480 est,
1208 1419 1365 1466 sensuum

303 1619 624 1670 Noeimesresisaentmm
634 1621 696 1684 opud
706 1618 764 1668 aiios
772 1619 882 1680 glorium.
888 1633 970 1682 putem
985 1633 1035 1668 meo
1051 1615 1135 1668 iuberi.
1169 1611 1368 1672 Quumtomessi

270 1684 369 1745 desigrse
378 1686 525 1746 concesseris,
541 1699 647 1748 reperero
657 1684 804 1747 praegusta
814 1698 883 1746 quum
902 1683 997 1743 luderis,
1012 1681 1203 1746 quemadmodum
1220 1679 1280 1728 dieii
1294 1679 1370 1741 Asso·

270 1748 327 1797 rrius
342 1749 368 1797 iss
388 1749 486 1798 Tisor'de.
520 1750 569 1811 Eu,
582 1763 635 1812 psoe
652 1763 709 1796 more
724 1749 794 1810 leges,
812 1753 867 1796 sust
884 1747 1055 1811 Moaoeyiiude,
1072 1745 1145 1794 ueluti
1159 1745 1265 1808 padum
1281 1747 1370 1807 perseia

272 1812 421 1862 orationum:
436 1813 463 1862 iss
480 1813 564 1877 quidm
581 1814 657 1862 uultu
674 1815 709 1861 eet
719 1812 783 1860 loeus
792 1812 938 1876 eloquentie,
952 1812 1018 1860 suile
1026 1814 1062 1861 eet
1073 1808 1243 1874 comprehensio
1252 1822 1369 1870 mm,

734 1953 914 1975 ”neuneu

307 2043 321 2089 1
339 2037 415 2089 Hane
426 2038 567 2105 Epistoiam
579 2038 678 2102 primus
688 2037 715 2087 in
732 2039 786 2089 suis
796 2037 923 2088 Distribis
934 2035 1074 2088 decursius
1084 2031 1260 2096 Mariangaius
1279 2027 1372 2106 edidit.

275 2103 341 2155 Quas
353 2110 380 2153 et
393 2104 417 2152 in
429 2111 532 2155 vetusto
544 2103 709 2166 Lugdunensi
717 2103 788 2154 iibro
805 2101 866 2167 init,
881 2103 930 2153 hoc
950 2101 1036 2166 titulo,
1051 2099 1171 2161 Praefatio
1182 2097 1372 2160 Teeiropogsn.

276 2171 325 2216 -2
342 2167 385 2217 Sic
397 2168 535 2231 legendum
546 2167 771 2230 mouetScaligor.
1220 2171 1222 2174 '

768 2302 879 2355 NOTAE

243 2477 248 2484 1
299 2423 321 2474 ,·
338 2415 550 2480 Teeisopoepseioe]
568 2417 732 2482 Vocishujus
743 2419 808 2482 Ety-
846 2432 933 2468 rorum
957 2413 1032 2466 fredis
1053 2411 1192 2474 amoribus,
1211 2409 1297 2462 mores
1316 2425 1377 2462 euos

278 2506 338 2541 mon
349 2491 409 2540 vide
428 2489 506 2555 infra,
524 2493 551 2540 in
563 2491 616 2542 tius
637 2493 715 2557 hujus
733 2493 808 2558 Epis·
846 2493 950 2546 iassru!
983 2491 1155 2544 Menandrum
1167 2488 1301 2553 pracipes
1318 2487 1375 2538 imi·

278 2567 349 2616 tolae.
847 2575 918 2619 tatus
938 2575 988 2633 est,
1011 2575 1039 2620 et
1060 2567 1093 2618 ab
1113 2568 1171 2630 ipso
1190 2565 1320 2630 permulta
1346 2577 1377 2614 re

311 2641 327 2672 ⁶
342 2641 421 2692 Vocis
432 2643 545 2708 Etymon
556 2642 634 2694 habes
645 2643 714 2708 apud
724 2642 809 2693 Inter·
848 2644 968 2696 sumsisse
987 2658 1038 2694 non
1055 2641 1191 2704 diffitetur,
1206 2648 1238 2690 ut
1255 2641 1280 2690 in
1299 2640 1376 2690 com-

278 2724 382 2784 pratem
402 2723 527 2782 nostrum,
545 2721 589 2784 qui
607 2726 635 2771 et
654 2719 808 2784 Gyraidids
848 2719 982 2784 pitsiibus,
995 2719 1039 2770 ubi
1050 2717 1268 2769 obtrectatoribus
1276 2715 1328 2766 suis
1336 2731 1377 2766 re·

278 2793 329 2844 hoe
344 2794 475 2858 podmatio
486 2795 615 2860 judicium
626 2794 715 2847 refert.
749 2796 809 2846 Vox
847 2795 977 2860 spondens
994 2796 1043 2846 sit:
1062 2795 1187 2856 ‘Fateor‚
1204 2793 1282 2843 sumsi
1299 2807 1378 2843 nona

200 2931 202 2938 Α
279 2869 539 2936 ‘Technopaegnion’
565 2877 605 2924 est
634 2872 667 2923 ab
692 2870 809 2923 Ausonio
849 2870 995 2921 Menandro
1012 2869 1161 2933 modo,8ed
1179 2868 1380 2933 utquisqueim·

267 2943 410 3014 “dotantes
422 2947 494 3010 alibi,
505 2947 575 3012 quod
586 2947 676 3013 seiam,
686 2947 809 2999 occurrit.
851 2944 919 3009 buit,
936 2945 1004 3009 quod
1021 2945 1171 2996 conveniret
1191 2943 1271 2994 midi:
1300 2943 1381 2995 Quod

311 3019 323 3053 ὓ
340 3022 443 3084 Pacato]
460 3023 512 3072 iiie
524 3028 564 3072 est
582 3025 689 3074 Latinus
704 3025 808 3086 Drepa·
850 3035 893 3086 me
908 3036 958 3071 non
970 3021 1145 3084 possemeiius
1158 3019 1247 3070 iacere
1259 3018 1380 3069 credidi!

280 3094 337 3144 nius
354 3093 480 3158 Pacatus,
495 3095 527 3146 de
538 3111 589 3161 quo
603 3099 661 3161 jam
671 3097 698 3146 in
709 3095 810 3148 Praeia·
850 3097 1044 3148 Interoiderunt
1063 3097 1182 3162 eJusdem
1202 3097 1311 3160 scripta,
1330 3096 1382 3146 nisi

280 3169 352 3220 tione
361 3169 428 3219 Ludi
435 3175 536 3234 septem
550 3171 713 3235 Sapientem.
852 3173 947 3237 quoda
964 3173 1095 3224 veteribus
1114 3170 1296 3224 Grammaticis
1310 3185 1382 3235 qure-

314 3243 330 3274 '
345 3251 356 3278 ⁰
371 3245 405 3294 Ut
415 3245 450 3296 ait
460 3245 579 3307 Afranius
589 3246 616 3296 ir
627 3245 726 3308 Thaide]
737 3245 810 3298 Unus
851 3247 909 3298 dam
922 3263 954 3298 ex
965 3245 1063 3298 fabulis
1073 3249 1153 3298 v'ariis
1170 3249 1228 3298 loos
1244 3246 1382 3310 proferun-

283 3335 316 3378 ex
336 3320 426 3372 decem
444 3322 550 3372 comicis
570 3323 615 3387 qui
632 3329 693 3386 post
708 3321 811 3374 Livium
851 3330 909 3376 tur:
927 3339 985 3390 quae
996 3324 1055 3374 vide
1067 3323 1135 3375 inter
1154 3331 1270 3374 veterum
1286 3322 1382 3373 Podta·

282 3395 458 3447 Andronicum
488 3397 658 3460 claruerunt3
691 3399 812 3451 Terentio
851 3414 908 3449 rom
933 3398 1088 3462 fragmenta,
1115 3399 1159 3450 obi
1176 3398 1311 3448 miraberis
1325 3412 1384 3448 ver·

280 3471 378 3536 junior,
396 3479 426 3522 ut
437 3477 512 3536 patet
526 3486 559 3522 ex
574 3487 605 3524 eo
617 3471 720 3522 Afranii
736 3487 812 3526 uersu
852 3488 908 3524 sum
924 3474 958 3524 ab
976 3473 1094 3524 Ausonio
1109 3474 1260 3525 laudatum:
1278 3467 1382 3537 ‘Majo-

284 3561 361 3611 quem
369 3547 596 3610 allegatvossius:
615 3547 753 3599 ‘Terentio
761 3562 813 3602 non
853 3562 907 3598 rem
935 3548 1048 3612 laudem,
1074 3563 1151 3614 quam
1176 3550 1292 3600 laborem
1312 3551 1383 3600 inre·

285 3621 394 3670 similem
410 3621 482 3671 dices
499 3621 665 3686 quempiam!
697 3620 813 3686 Afranii,
853 3623 942 3686 nero}
968 3624 1125 3688 desiderari,
1148 3625 1240 3676 saltem
1266 3626 1294 3674 in
1316 3625 1383 3678 edit.

285 3695 813 3761 Caeoilii,‘l'ereotiiqueoperadulcesLa·
852 3697 962 3750 Londin.
1231 3747 1235 3758 ,

286 3771 335 3822 tini
346 3771 470 3820 sermonis
483 3769 591 3822 facetias
603 3771 721 3823 floruisse
734 3774 814 3824 tradit
884 3773 896 3807 ‘¹
913 3776 1031 3838 Maiorem
1048 3774 1151 3838 hodera]
1168 3774 1221 3826 Hie
1235 3781 1277 3826 est
1293 3789 1383 3826 versus

284 3847 332 3898 lib.
346 3846 442 3898 1.Vell.
455 3847 617 3898 Patercuius.
648 3848 759 3912 'rogatis
770 3863 814 3898 ex·
855 3853 970 3902 senarius
984 3866 1016 3901 ex
1028 3850 1131 3902 Afranii
1149 3851 1275 3902 comoedia
1284 3857 1387 3917 togata,

287 3924 407 3976 esiluisse
424 3922 560 3973 Afranium
585 3929 677 3974 auctor
704 3925 814 3977 Quintil.
854 3927 1093 3978 ouinoman'ihais.

287 4001 333 4052 lib.
343 4015 370 4052 x.
389 4016 448 4065 cap.
460 4003 483 4050 l.
499 4005 528 4049 at
540 3998 743 4050 moribusiuisse
755 4015 814 4064 per·
886 4001 1088 4069 ‘Monosyiioid
1107 4001 1196 4054 Verisa
1212 4001 1287 4054 unius
1305 4003 1382 4070 sylla·

288 4075 366 4136 ditis3
382 4071 531 4125 undeidem
543 4073 651 4125 Quintil.
668 4073 721 4124 ait:
740 4075 815 4125 ‘Uti-
854 4078 904 4131 bae.
963 4087 967 4094 ’

222 4199 225 4204 ,
289 4163 348 4200 nam
359 4164 410 4199 non
421 4149 581 4215 inquinasset
590 4153 741 4212 argumenta
751 4163 816 4217 pne·
