2988 4902
312 359 383 430 aaa
628 373 875 426 ntvnnsorun
901 374 1089 426 retenone
1467 392 1476 503 ι

315 529 415 606 atque
430 522 674 605 agerenugast
719 521 773 588 lta
792 541 845 589 ma
869 521 946 587 Diis
973 521 1182 605 probabilem
1205 522 1410 604 praestem!⁸
1475 509 1476 526 *

313 633 351 690 ut
361 643 426 706 ego
439 629 532 688 tuum
546 622 687 688 Carmen
700 622 798 688 libris
814 623 966 689 Maronis
982 623 1140 708 adjungo.
1184 623 1254 688 Sed
1262 626 1339 710 jam
1355 625 1409 689 de·

314 728 420 792 sinam
434 726 499 791 mei
514 725 638 792 oblitus
660 726 800 803 doloris,
823 725 987 791 inhaerere
998 726 1157 790 laudibus
1171 727 1256 805 tuis,
1280 747 1325 790 ne
1345 727 1409 790 hoc

313 847 451 913 quoqne
464 828 508 893 ad
522 829 661 910 gloriam
676 839 768 892 tuam
783 828 929 906 accedat,
945 827 1036 912 qood
1049 835 1088 892 te
1100 830 1257 892 miramur
1277 828 1408 892 offensi.

314 929 460 1014 spargas
474 928 556 996 licet
572 929 753 1007 volumina,
775 935 809 994 ct
831 949 886 993 me
912 948 1041 1012 semper
1063 931 1237 1012 excipias:
1261 928 1409 993 fruemur

312 1037 423 1096 tamen
438 1038 499 1096 tuo
513 1049 622 1116 opere,
637 1030 699 1096 sed
713 1031 853 1096 aliorum
866 1030 1080 1112 benignitate.
1106 1028 1229 1096 Vino.

808 1179 916 1231 NOTAE

346 1278 415 1328 ¹Itu
429 1291 467 1326 ere
485 1275 543 1328 Diis
560 1277 703 1340 motabilem
718 1277 839 1340 portem]
879 1275 977 1340 batque
988 1289 1038 1325 vox
1049 1287 1228 1324 massonum
1239 1289 1319 1338 quem
1338 1290 1411 1338 supe·
1477 1263 1478 1328 i

315 1353 426 1408 Quidam
437 1352 501 1402 editi
510 1351 622 1402 babent:
640 1353 682 1401 Itu
692 1366 729 1401 rte
736 1352 781 1400 Dii
790 1353 839 1400 Do·
879 1351 932 1400 rius
945 1351 1078 1415 usurparit
1094 1350 1270 1413 Symmachus,
1286 1351 1321 1399 de
1339 1350 1411 1399 Prin·
1477 1349 1478 1372 ³

313 1427 385 1478 rubris
392 1427 535 1492 pnbdn'bn
543 1432 665 1492 produt.
695 1428 778 1478 Quam
790 1427 840 1477 lec·
879 1427 981 1492 cipibus
992 1427 1045 1477 suis
1054 1426 1183 1476 mentione
1195 1425 1304 1489 injecta.

314 1505 411 1555 donent
428 1504 564 1568 genuinum
583 1517 641 1554 eme
662 1514 764 1566 centro,
781 1515 839 1566 pru-

611 1746 650 1794 11.
673 1745 907 1794 SYMMACHUS
930 1745 1107 1795 AUSONIO.

359 1847 466 1914 Snru
480 1849 711 1914 unanimitatis
727 1855 794 1914 tuae
811 1867 961 1914 sermone
978 1851 1168 1927 convenior,
1183 1855 1222 1913 nt
1233 1849 1276 1914 de
1292 1869 1410 1934 accep·

314 1949 359 2014 tis
371 1950 487 2029 literis,
503 1969 587 2034 quas
601 1950 645 2015 ad
667 1969 722 2014 me
746 1965 831 2014 cura
854 1951 1075 2032 propensiore
1099 1951 1232 2030 misisti,
1250 1953 1304 2016 vel
1330 1954 1413 2017 scri-
1477 1949 1478 1954 ’

313 2051 411 2131 bam;
434 2053 556 2135 quibus
571 2069 645 2134 ego,
670 2057 709 2114 nt
724 2070 866 2134 quaeque
886 2051 1025 2118 redditae
1052 2063 1139 2129 sunt,
1165 2059 1315 2118 actutum
1335 2055 1410 2138 pari

313 2151 472 2234 religione
485 2151 663 2235 respondi:
687 2153 767 2234 quia
791 2171 900 2236 neque
923 2153 1162 2236 rescriptorum
1177 2156 1276 2232 ratio,
1303 2175 1410 2238 neque

313 2253 436 2320 amoris
449 2252 649 2318 vicissitudo
665 2252 796 2317 sinebat
809 2252 935 2317 diutius
951 2253 1108 2318 desidere.
1155 2254 1189 2318 N
1192 2274 1258 2319 unc
1275 2275 1410 2339 quoquc

316 2375 413 2436 agere
433 2363 610 2438 meatque
637 2353 760 2418 habere
782 2354 905 2436 gratias
931 2360 1112 2435 protestor,
1137 2355 1230 2438 quod
1247 2375 1412 2470 prospera
1477 2389 1478 2394 κ

314 2458 504 2521 nuntiorum
519 2457 604 2519 clam
618 2475 671 2518 me
684 2473 759 2518 esse
773 2473 840 2517 nun
856 2454 995 2536 pateris.
1043 2455 1132 2520 Haec
1148 2455 1266 2520 atalia
1291 2457 1417 2538 priori-

313 2558 378 2620 bus
392 2574 524 2639 quoquc
546 2555 650 2618 literis
665 2559 777 2617 tecum
791 2553 921 2617 fueram
936 2554 1136 2620 collocutus
1181 2556 1293 2621 Sed
1265 2577 1296 2620 si
1311 2563 1345 2622 te
1362 2565 1410 2622 ta-

312 2657 445 2723 bellarii
458 2655 619 2721 sermonis
632 2654 698 2719 mei
711 2659 899 2738 compotem
912 2656 1139 2736 reddiderunt,
1167 2665 1331 2740 congesta
1346 2680 1411 2724 non

316 2764 464 2824 onerant.
525 2757 619 2822 Malo
649 2757 776 2840 quippe
804 2775 902 2821 aures
930 2763 1006 2822 tuas
1036 2758 1188 2823 iterando
1216 2761 1416 2838 obtundere·

315 2879 418 2944 qnam
430 2859 584 2924 fiaudme
606 2859 802 2924 reticendo-⁵
843 2858 968 2922 Fratris
991 2862 1058 2924 mei
1079 2859 1264 2943 Hesperiib
1283 2861 1409 2926 bonore

314 2964 441 3041 exulte
461 2962 686 3028 taciturnitate
702 2958 930 3024 convulneror.
976 2960 1066 3024 Nam
1088 2961 1118 3025 si
1143 2982 1196 3025 me
1220 2963 1277 3025 sni·
1297 2983 1409 3036 amau·

315 3069 382 3128 tem
395 3083 460 3128 usu
473 3083 582 3128 rerum
595 3063 761 3146 probavit,
776 3061 915 3143 scriptis
938 3059 1066 3125 famam
1081 3062 1196 3127 decuit
1208 3065 1406 3145 praevenire,

312 3185 391 3250 quae
420 3166 479 3230 diu
501 3168 627 3230 incerta
651 3165 779 3229 fluxam
808 3162 909 3227 fidem
934 3164 1066 3246 gaudiis
1090 3164 1284 3228 exhibebat.
1331 3166 1409 3249 Ipse

314 3267 418 3347 igitur
432 3267 568 3354 nuntius
589 3264 775 3329 cummunis
799 3263 882 3328 boni
903 3283 977 3328 esse
999 3264 1165 3342 debuerat,
1191 3270 1233 3329 nt
1253 3266 1408 3348 epistolae

316 3369 458 3431 assertio
481 3369 565 3432 nibil
583 3369 785 3450 relinqueret
807 3366 977 3451 opinionis
1000 3369 1169 3448 ambiguo.
1212 3367 1282 3431 Sed
1311 3368 1407 3447 dicis,

315 3485 392 3530 eum
403 3467 533 3549 pudure
547 3468 770 3549 perstrictum,
795 3487 1015 3533 successuum
1031 3488 1165 3533 sucrum
1189 3469 1318 3534 vitasse
1335 3469 1409 3550 jac·

315 3569 464 3633 tantiam.
509 3565 751 3650 Quisquamne,
771 3587 848 3632 curn
874 3567 916 3632 de
941 3588 978 3632 se
1003 3571 1096 3655 apud
1119 3571 1231 3655 ipsum
1252 3571 1411 3656 loquitur,

807 3715 913 3766 Nona
932 3695 936 3702 '

346 3821 358 3847 ⁸
373 3815 486 3864 [terame
495 3813 629 3874 dundee,
644 3824 713 3876 quum
723 3809 841 3872 fraudare
881 3813 968 3865 studio
977 3817 1134 3866 estmoleste
1143 3815 1240 3880 potius.
1255 3828 1331 3881 quam
1342 3815 1407 3867 bene

313 3891 440 3952 reticendo,
459 3890 515 3954 aa]
531 3886 631 3952 Arguta
657 3886 742 3937 omnia
767 3887 841 3949 Sym·
881 3889 978 3940 dicere.

315 3965 420 4014 machus
429 3964 504 4028 dicit,
521 3979 599 4028 quem
614 3963 735 4013 admirari
751 3977 766 4012 e
783 3976 842 4011 nor·
913 3965 925 4000 h
941 3964 1038 4016 Fratris
1054 3967 1103 4016 mci
1122 3965 1247 4030 Hesperu]
1265 3967 1305 4016 Ut
1326 3963 1406 4017 Auso·

307 4039 426 4090 -uatibur
446 4039 544 4088 debent
563 4039 678 4104 quitum
698 4040 767 4090 belle
785 4039 841 4089 imi·
866 4042 952 4093 vntum
970 4043 1098 4107 ‘patrem’
1120 4044 1253 4108 appetlare
1273 4044 1349 4100 sciet,
1371 4044 1405 4096 sic

315 4120 415 4165 tantur.
446 4112 615 4164 Admirantur
638 4119 734 4179 auteur,
757 4116 841 4181 inquit
880 4119 1037 4182 Hesperium
1075 4119 1132 4182 ejus
1161 4119 1241 4169 tilium
1274 4119 1404 4184 appellare

314 4189 434 4240 &untur
445 4189 471 4237 in
481 4188 652 4242 OEcercnianc
661 4205 686 4254 p.
694 4195 736 4241 65.
748 4193 840 4258 quibus
880 4194 888 4223 ‘
899 4191 1024 4244 fratrent’
1034 4193 1133 4244 debuit.
