3016 4894
589 356 788 406 EPlS'l'OLAE.

146 492 300 557 Osrnnu
317 493 456 559 Baianis
469 497 640 577 certantia,
663 519 737 582 qnae
754 497 965 566 Medulorum

143 594 312 659 Dulcibus
326 594 361 657 in
375 595 500 677 stagnis
513 597 607 660 reflui
621 598 723 662 maris
740 607 843 664 cestus
858 603 995 684 opimat,

142 691 288 777 Accepi,
305 695 424 760 dilecte
439 696 565 773 Theon,
579 700 780 764 numerabile
795 721 922 765 munus.

142 793 268 858 Verum
283 799 366 878 quot
377 794 511 873 fuerint,
532 797 684 880 subjecta
699 801 904 865 monosticha
920 803 1064 885 signant:

142 894 236 972 Quot
250 900 301 959 ter
313 895 462 961 luctatus
478 916 553 961 cum
569 898 695 980 pollice
709 908 883 985 computat
896 903 1007 968 index.
1060 973 1065 978 ,
1205 909 1228 972 5

141 995 313 1078 Geryones
328 1004 411 1080 quot
424 1005 528 1076 erant,
549 999 658 1064 decies
673 1001 703 1065 si
716 1002 983 1085 multiplicentur.

138 1097 206 1160 Ter
220 1101 303 1179 quot
317 1101 408 1160 erant
421 1097 558 1183 Phrygii
571 1108 739 1167 numerata
752 1103 912 1167 decennia
925 1106 1014 1184 belli,

138 1194 211 1261 Aut
225 1203 275 1261 ter
288 1205 327 1262 ut
339 1198 469 1264 AEolidi
483 1200 605 1265 mensis
619 1208 715 1267 tenet
727 1203 913 1287 ignicomus
928 1204 999 1270 Sol.

170 1392 258 1456 Accepi
277 1409 293 1443 s
309 1400 343 1456 te,
362 1411 375 1444 ο
392 1410 447 1446 esre
465 1395 551 1457 meos,
567 1403 644 1448 ostrea
664 1414 716 1464 φη
735 1400 882 1451 indebitus
896 1401 989 1464 unguis
1006 1403 1153 1453 Medulorum
1169 1406 1223 1467 pin-

134 1457 242 1532 grrefiurrt
258 1473 320 1535 spus
337 1459 425 1536 Occepi
441 1460 572 1524 refluentis,
588 1476 635 1511 nos
653 1462 766 1522 inferiora
781 1466 891 1528 Boleris,
906 1468 990 1516 donam
1000 1466 1075 1526 scriis
1092 1473 1223 1518 numeratu.

135 1521 172 1569 Ar
189 1525 278 1581 arguta
296 1537 375 1572 rasas
394 1525 459 1584 safra
473 1524 547 1588 posili
567 1527 689 1576 mendant
706 1533 761 1590 quot
780 1543 809 1576 eu
823 1528 926 1589 suedas.
961 1530 1025 1586 Quot
1043 1531 1134 1592 digitus
1151 1531 1224 1580 index

134 1591 244 1634 numerus
263 1591 300 1634 ter
314 1586 445 1650 impingens
462 1587 549 1650 pollici·
582 1589 645 1643 Quot
664 1597 732 1640 erant
753 1592 880 1655 Geryones,
898 1593 919 1641 si
940 1593 1122 1656 mutupttomarr
1137 1596 1222 1644 decies.

137 1647 202 1703 (Μ
222 1655 291 1699 eruar
310 1654 386 1700 meent
406 1651 463 1701 usai
487 1651 542 1700 belli
561 1651 657 1713 Trojanr'
677 1658 716 1704 ter·
736 1656 895 1719 multiplicati,
918 1662 962 1704 nat
981 1662 1018 1705 ter
1038 1662 1082 1714 m,
1102 1663 1157 1720 quot
1182 1658 1224 1706 Sol

585 1813 769 1837 ”eunoun

134 1919 337 1996 Gronovius—tt
353 1923 466 1988 ‘Magno
478 1923 576 1987 flagitio
587 1927 740 1978 correctoris
752 1927 929 1990 Lugdunensis
940 1933 1016 1977 antes
1032 1928 1115 1990 legeb.
1134 1929 1222 1991 Accipe

132 1987 260 2036 maculem
272 1987 350 2038 Τήιοι
361 2023 384 2039 ..
395 2023 402 2039 .
413 2002 471 2039 cum
482 1989 509 2038 in
520 1989 587 2040 libro
598 1992 682 2040 veteri
702 1998 774 2042 recte
792 1993 909 2056 legatur:
926 1990 1013 2055 Accepi
1028 1993 1112 2043 obem
1124 1991 1221 2042 Thrasul

624 2151 730 2203 NO'l'AE

113 2271 115 2276 '
165 2274 262 2324 ‘Illum
290 2275 414 2339 erastum]
440 2278 484 2327 De
512 2278 656 2329 cessatione
696 2281 812 2345 Scaliger
821 2287 895 2345 putat
905 2281 932 2330 id
943 2281 1009 2330 velle
1020 2278 1163 2330 Ausonium
1180 2284 1220 2329 tot
1313 2308 1315 2312 .

130 2349 199 2412 ejus,
214 2355 241 2398 et
252 2349 360 2400 Ausonii
371 2350 564 2418 efflagitatione,
581 2368 656 2418 quam
696 2363 781 2405 ostrea
791 2356 837 2406 sibl
848 2357 932 2419 misse,
949 2363 1013 2420 quot
1031 2367 1132 2404 menses
1149 2360 1221 2403 tene·
1309 2415 1312 2422 ,

131 2431 194 2476 tuuc
205 2425 286 2474 solnm
297 2426 386 2476 audire
397 2433 521 2490 coeperat.
695 2430 735 2480 bit
745 2431 797 2495 Sol,
813 2431 834 2480 si
846 2437 887 2480 ter
907 2436 947 2480 rot
968 2429 1097 2479 mensibus
1117 2433 1221 2478 constet

163 2504 179 2548 Β
197 2501 314 2550 Dulcibus
322 2502 349 2550 is
358 2502 462 2565 omnis]
479 2503 544 2554 Qure
564 2510 657 2553 natura
696 2519 785 2568 annus,
801 2512 865 2570 quot
883 2506 943 2555 olim
962 2505 988 2553 iu
1004 2503 1104 2555 AEolirie
1120 2511 1221 2554 eonsu-

129 2589 179 2623 sus
198 2575 366 2641 dulcinum,
382 2577 427 2626 sed
445 2575 571 2627 influente
589 2585 656 2628 resta
695 2579 757 2630 bat:
782 2579 872 2630 decem
894 2579 991 2644 quippe
1010 2580 1143 2642 mensium,
1170 2591 1220 2627 uec

129 2656 302 2700 amarescunt.
695 2654 805 2717 amplius
826 2669 918 2705 annum
940 2653 1008 2717 apud
1031 2653 1115 2702 AEoler
1142 2650 1229 2700 fuisse·

162 2731 177 2773 t
196 2726 418 2781 Quotterlrrctetus
427 2741 479 2775 rum
494 2727 585 2789 pollice,
602 2727 656 2790 lya]
696 2734 811 2790 ternpore
823 2728 939 2790 Homeri,
957 2733 987 2776 ut
1003 2732 1132 2776 testantur
1150 2730 1219 2774 vete·

126 2801 376 2864 Intelligitgestum,
393 2815 444 2865 qno
460 2801 590 2850 denarium
608 2816 654 2850 nn·
694 2816 735 2851 res
746 2801 844 2852 Graeci.
877 2801 1016 2864 Atparum
1026 2801 1220 2849 mibiaceurete

126 2889 227 2924 merum
238 2875 328 2938 digitis
339 2875 484 2938 signabant,
495 2889 605 2937 unguem
615 2877 654 2925 in·
694 2877 827 2926 videretur
845 2877 974 2926 Ausonius
994 2876 1110 2938 putruisse
1128 2872 1220 2924 AEolr'di

126 2951 194 3001 dicis
207 2952 317 3001 sinistre
336 2965 424 3002 manns
439 2953 466 3002 io
483 2952 595 3001 medinm
615 2966 654 3002 er·
694 2951 947 3014 prcuprrdAEolirlem,
960 2956 987 2999 et
999 2950 1097 3012 longius
1108 2948 1218 3012 petitum

126 3033 183 3076 lum
201 3027 301 3090 pollicis
318 3026 435 3090 figentes,
452 3034 518 3077 teste
536 3026 610 3076 Beda
627 3027 653 3076 iu
692 3024 751 3075 boc.
784 3027 877 3075 Placet
889 3026 968 3088 magis
985 3025 1052 3090 qnod
1069 3025 1095 3073 in
1107 3028 1219 3073 mentem

124 3101 172 3150 lib.
192 3103 233 3149 De
252 3108 395 3164 temporum
414 3102 521 3152 ratione.
553 3102 594 3151 De
612 3115 652 3150 ra·
692 3101 880 3164 venltVineto,
895 3101 928 3150 ab
947 3101 1062 3150 Ausonio
1075 3100 1101 3148 in
1119 3099 1218 3149 Latinis

124 3176 199 3225 tione
220 3176 370 3226 numerandi
390 3191 438 3239 per
459 3175 555 3238 digitos
577 3176 653 3238 plura
692 3175 778 3239 poetis
788 3175 970 3238 versatissimo,
985 3183 1013 3224 et
1031 3173 1122 3224 dedita
1138 3187 1219 3237 opera

124 3251 188 3300 vide
204 3251 272 3314 apud
284 3252 376 3300 lilium
389 3250 530 3314 Gyraldum
547 3251 620 3299 Dial.
631 3263 651 3299 1.
692 3251 824 3315 politastm
844 3250 945 3300 Tbeorri
964 3264 997 3299 ex
1017 3249 1108 3298 iisdem
1134 3247 1238 3312 poetisv

124 3333 154 3376 et
165 3326 297 3389 precipue
306 3325 375 3388 apnrl
387 3326 521 3377 Erasmum
538 3324 564 3372 iu
576 3324 652 3374 Notis
692 3327 809 3376 difficiles
828 3341 909 3389 nugas
928 3331 1077 3390 aggerente,
1093 3324 1135 3374 lric
1154 3324 1217 3372 allu-

125 3400 160 3450 ed
173 3399 368 3464 Hieronymum,
385 3399 429 3448 nbi
448 3399 529 3448 multa
545 3412 579 3447 ex
596 3399 652 3447 Do·
692 3417 747 3451 surn
760 3416 816 3452 esse
827 3402 860 3450 ad
872 3415 960 3450 versus
976 3401 1021 3450 lros
1031 3399 1158 3463 Epistolm
1170 3399 1218 3447 Ca·

123 3482 189 3524 nato
206 3476 233 3524 in
250 3475 363 3525 Terentii
382 3475 494 3539 Adelph.
511 3475 596 3524 Plinio
608 3476 652 3530 lib.
693 3490 769 3527 naees
779 3477 846 3526 AEoli
861 3475 922 3525 filiae
942 3477 975 3525 sd
994 3476 1144 3524 Macareum
1164 3472 1216 3522 fra-

124 3563 226 3600 xxxrv.
249 3564 306 3613 cap.
326 3553 351 3599 7.
368 3549 591 3600 Macrobiolib.n
608 3550 653 3600 Ss·
692 3560 770 3615 trem,
794 3553 863 3616 apud
886 3551 963 3601 Ouid.
984 3550 1028 3600 ubi
1051 3551 1094 3600 illa
1115 3550 1149 3599 de
1171 3563 1217 3598 suc

124 3625 221 3676 turuai.
232 3625 352 3676 Juvenal.
371 3625 427 3674 Set.
447 3639 476 3674 x.
495 3623 608 3688 Apuleio
625 3625 652 3675 in
691 3627 868 3692 praegnetiona
888 3627 1057 3677 decumestri:
1072 3625 1148 3675 ‘Jam
1170 3639 1216 3674 no·

122 3700 263 3764 Apologia,
275 3706 302 3750 et
313 3701 393 3763 Reda,
404 3700 513 3764 colligit.
689 3706 742 3752 vies
767 3710 823 3753 erat
850 3709 907 3752 orta
941 3715 1014 3752 soror
1043 3699 1216 3764 pulcherrima

157 3777 307 3843 oGeryones
316 3778 650 3842 quotmcatJ'l'resscilicet,
689 3778 792 3835 Phoebi,
819 3779 946 3842 Donaque
977 3775 1111 3826 Luciferos
1142 3776 1214 3823 Luna

121 3867 170 3904 serr
182 3867 247 3904 unns
263 3855 359 3918 triplex
375 3854 489 3919 Geryon.
521 3856 585 3904 'l'res
605 3871 649 3904 au·
689 3854 824 3917 premebst
834 3867 929 3918 equos:
942 3854 966 3902 N
969 3853 1038 3903 eseia
1048 3865 1105 3914 quae
1116 3849 1217 3899 iaceret

121 3938 179 3981 tem
196 3931 282 3980 decies
299 3931 386 3993 sumti,
401 3930 507 3993 triginta
526 3929 649 3995 efficiunt,
690 3930 787 3979 subitos
799 3944 864 3979 nors
875 3943 952 3980 causa
963 3929 1074 3989 dolores,
1090 3929 1125 3976 Et
1143 3925 1214 3974 rudis
1319 3983 1324 3990 .

119 4011 265 4054 ostreorum
277 4005 377 4054 illorum
388 4019 528 4054 numerum.
689 4006 832 4070 aripertus,
849 4014 877 4056 et
887 4021 953 4056 nova
964 4007 1037 4056 miles
1054 4003 1144 4066 eram,'
1161 4007 1211 4053 &a
1288 4047 1291 4062 ,

156 4084 172 4128 8
183 4082 233 4129 Ant
243 4086 281 4129 ter
290 4085 318 4128 ut
327 4081 416 4130 AEolr‘rli
424 4080 508 4129 mensis
518 4084 591 4141 tenet,
598 4080 651 4144 isc]
688 4081 777 4130 vineti
787 4081 941 4130 sententiam
952 4087 1055 4130 secutus
1066 4093 1121 4128 sum
1132 4078 1158 4127 in
1170 4077 1213 4128 In·

119 4153 185 4207 Non
196 4157 297 4206 omuino
308 4170 383 4205 sanus
394 4155 498 4205 videtur
509 4155 549 4206 bic
567 4156 648 4208 locus.
689 4155 886 4219 terpretatione.
