3034 4878
536 360 882 412 PRAEFATIUNGUlsAE.

163 503 245 587 Ipse
260 521 321 586 ego
337 500 527 586 Burdigalae
544 503 690 585 genitus:
712 503 824 569 divisa
836 523 894 588 per
908 507 1009 573 urbes

207 602 364 682 Quatuor
377 606 533 691 antiquar
548 605 662 688 stirpis
678 604 773 687 origo
786 625 882 671 meae.

164 703 257 770 Hinc
269 707 338 771 late
352 707 429 774 susa
443 713 497 772 est
510 707 677 789 cognatio,
691 707 828 771 nomina
842 707 954 772 multis
995 767 996 772 ,

207 805 261 870 Ex
277 815 402 887 nostra,
418 819 457 874 nt
470 809 647 892 placitum,
659 809 761 874 ducta
775 810 874 875 domo
890 811 1030 875 veniant
1211 813 1252 878 10

162 907 326 974 Derivata
342 910 438 976 aliis:
459 913 559 975 nobis
574 913 617 975 ab
636 916 811 975 stemmate
825 913 932 994 primo

204 1009 251 1074 Et
262 1031 328 1075 nou
342 1014 488 1094 cognati,
503 1013 562 1077 sed
578 1013 721 1096 genitiva
734 1015 879 1097 placent.

102 1131 104 1134 ·
161 1112 229 1178 Sed
243 1113 341 1178 redeo
356 1115 399 1178 ad
413 1117 548 1182 seriem:
570 1118 695 1198 genitor
710 1116 840 1182 studuit
854 1117 1047 1195 Medicinae,

205 1216 467 1299 Disciplinarum
483 1238 560 1302 quae
575 1218 667 1282 dedit
682 1238 747 1282 una
762 1219 882 1282 Deum.
1034 1277 1035 1282 ,

161 1315 237 1381 Nos
251 1318 295 1382 ad
310 1317 559 1385 Grammaticeu
575 1320 718 1385 studium
733 1321 970 1386 convertimus:
992 1325 1028 1384 et
1042 1341 1122 1386 mcx
1209 1325 1251 1388 15

205 1418 399 1485 Rhetorices
413 1423 513 1487 etiarn
529 1423 619 1505 quod
634 1424 717 1487 satis
732 1424 916 1506 attigimus.

162 1519 237 1585 Nec
252 1521 325 1586 sora
338 1542 406 1586 non
422 1525 592 1588 celebrem
606 1525 705 1588 milri:
730 1524 789 1588 sed
805 1545 886 1589 cura
899 1525 1040 1590 docendi

207 1622 353 1690 Cultior:
376 1630 409 1689 et
423 1644 542 1688 nomen
556 1625 772 1690 Grammatici
784 1627 904 1691 merui:

162 1721 244 1788 Non
259 1729 326 1788 tam
342 1724 464 1807 grando
479 1727 624 1809 quidem,
640 1747 708 1811 quo
722 1729 829 1810 gloria
842 1733 958 1792 nostra
971 1729 1096 1794 subiret

205 1825 380 1891 AEmilium
395 1834 455 1892 aut
468 1827 642 1908 Scaurum,
659 1830 898 1918 Berytiumque
914 1831 1082 1912 Probum3
1210 1832 1253 1896 20

187 2010 293 2070 aiurfur't
303 2024 333 2059 ex
343 2009 420 2073 Aqua
432 2011 575 2063 Tarbellirir.
608 2014 683 2075 Ego
673 2029 723 2090 epae
733 2019 802 2064 antur
812 2029 863 2064 mm
874 2016 1024 2078 Burrrgaroe
1050 2015 1188 2065 Primordiu
1197 2030 1254 2064 mea

156 2024 220 2134 form
215 2075 261 2124 'iioe
270 2079 326 2124 runt
335 2075 462 2124 distributo
470 2092 513 2140 per
523 2083 622 2152 quotuor
632 2079 742 2127 ciuitates
749 2084 858 2129 vetustae
892 2080 958 2130 Hinc
968 2085 1049 2129 norim
1058 2085 1166 2142 coguruio
1174 2081 1256 2143 procui

162 2143 261 2188 exrema
272 2144 316 2200 ret,
332 2143 354 2187 et
365 2141 459 2189 aomirm
468 2141 604 2204 peroratum
614 2145 645 2190 ud
653 2144 766 2204 plurimos
775 2148 854 2192 tractu
865 2159 878 2193 e
892 2150 973 2194 norico
981 2143 1089 2208 familia,
1106 2151 1132 2192 ut
1147 2144 1255 2205 libuerit,

161 2202 380 2266 dejieuundciior:
396 2205 455 2252 mrim
461 2207 553 2268 placent
563 2221 657 2255 romum
667 2208 738 2255 ductu
751 2222 767 2254 o
780 2209 858 2270 primu
873 2208 954 2271 stirpe,
968 2224 996 2257 oc
1010 2209 1149 2272 ampetitur
1166 2225 1182 2258 o
1199 2223 1254 2270 cog-

160 2271 218 2317 mro
232 2267 318 2330 aliqum
334 2269 374 2318 red
393 2285 409 2318 o
426 2269 571 2330 pareatibus.
608 2271 693 2320 Verum
710 2285 800 2319 rerumo
812 2271 883 2332 filum
899 2287 956 2321 meoe
976 2273 1089 2334 originis:
1104 2277 1173 2336 poter
1190 2287 1255 2321 meur

217 2346 256 2380 um
266 2333 330 2381 dedit
341 2333 471 2395 medicinae,
486 2349 537 2396 quor
545 2335 594 2382 mic
604 2349 635 2382 ex
644 2333 734 2382 artibus
741 2337 855 2397 prodierit
868 2333 967 2398 aliquem
979 2338 1066 2387 Deum.
1099 2337 1152 2398 Ego
1161 2335 1257 2386 incubui

220 2397 351 2446 mmotr'cae:
367 2401 390 2445 et
400 2396 483 2446 dehinc
493 2397 567 2447 didici
583 2399 612 2446 da
625 2397 738 2447 Orotorio
756 2405 808 2448 arte
827 2406 937 2461 quantum
956 2400 1013 2449 milri
1029 2400 1179 2476 mffimcbnt.
1196 2401 1255 2450 Fr·-e

162 2461 271 2521 qumturi
281 2459 481 2524 quoquejudr‘cr'u:
496 2477 577 2512 oerum
587 2461 663 2524 magia
678 2463 772 2512 exercui
789 2467 863 2512 artem
879 2465 992 2514 docendi:
1008 2469 1032 2514 et
1048 2463 1180 2530 comparavi
1196 2463 1255 2514 milri

162 2537 246 2574 marea
258 2525 416 2576 Grumructici
426 2539 471 2576 am
480 2529 537 2576 adm
547 2525 638 2576 illustre
647 2527 748 2591 quidem,
759 2533 785 2577 ut
804 2530 856 2578 laur
871 2543 923 2579 meo
942 2530 1060 2580 accederet
1076 2531 1107 2580 nd
1122 2529 1256 2592 AEmiiium,

620 2670 664 2690 On
668 2667 800 2690 nunno

163 2763 244 2812 lutera.
271 2761 333 2812 vid.
349 2761 396 2811 int'.
417 2769 445 2813 et
464 2761 526 2813 Not.
536 2763 665 2812 Van-20
681 2761 831 2825 [regendum
848 2765 937 2810 mouet
955 2759 1062 2823 Tolllur,
1083 2759 1206 2810 AEmiiium
1224 2764 1257 2811 ud

164 2825 288 2892 smmum,
302 2834 330 2877 et
343 2825 352 2856 ‘
364 2827 391 2878 si
406 2827 480 2893 haef
497 2827 589 2892 inquit,
605 2827 614 2856 ⁴
623 2840 674 2876 non
692 2825 799 2890 arridet,
815 2825 920 2875 tametsi
935 2824 1036 2874 elucere
1051 2824 1086 2875 alt
1102 2833 1130 2874 et
1146 2825 1257 2890 genuina

622 3021 626 3025 ¹
655 2955 763 3006 uorre

166 3053 244 3104 AEdui
266 3053 363 3105 Auturrr
386 3053 500 3104 Tarbelli
521 3057 553 3104 ler
574 3055 692 3119 Buaquer,
764 3057 796 3103 14
814 3053 873 3110 Quoe
890 3052 956 3102 dedit
974 3065 1021 3100 urm
1037 3049 1127 3114 Deum]
1143 3048 1258 3100 AEscula·
1324 3111 1326 3116 Ι

163 3145 270 3196 quorum
289 3136 369 3194 caput
383 3130 535 3180 Tarbellica
546 3143 620 3195 aquae
631 3128 691 3194 Aur,
732 3129 812 3195 pium.

165 3206 314 3271 veld'Acqr.
764 3211 796 3256 20
807 3205 929 3256 AEmilium
938 3207 979 3252 out
988 3203 1113 3265 Scaurum,
1121 3199 1259 3267 Berytium-

197 3287 214 3332 6
230 3283 269 3333 De
278 3281 358 3346 putre]
376 3281 480 3332 Caecilio
491 3280 596 3346 Argicio
607 3280 691 3332 Arbo-
731 3297 775 3344 que
794 3278 908 3342 Probum]
932 3279 1024 3329 AEmilii
1046 3278 1131 3342 magni
1152 3278 1258 3331 Arborii

165 3358 214 3420 rio,
224 3359 257 3409 de
268 3374 318 3424 quo
334 3366 375 3409 est
391 3359 501 3410 Carmen
511 3371 549 3410 ιι.
565 3360 692 3409 Parenta·
732 3357 853 3408 Rhetoris
864 3355 986 3406 Toloaaui
1001 3354 1119 3404 meminit
1134 3355 1259 3406 Carmine

165 3435 237 3486 llum.
730 3447 780 3494 xv.
796 3431 983 3482 Proferrorum.
1016 3430 1128 3481 Scaurus
1146 3437 1175 3481 et
1193 3432 1258 3483 Pro·

199 3511 249 3562 Sed
274 3509 393 3574 genitrix]
427 3510 529 3561 AEmilia
560 3510 693 3562 corinthia
731 3505 1260 3569 burnobilerfueraGrammaticiCarm.

164 3587 270 3638 Maura.
302 3587 343 3637 De
358 3601 408 3652 qrra
420 3587 504 3637 Carnu.
518 3602 546 3638 v.
568 3589 692 3638 Parenta·
732 3599 778 3636 xv.
795 3583 909 3635 Profert.
927 3583 962 3633 de
981 3581 1146 3645 Nepotianor
1162 3583 1260 3634 ‘Scau-

166 3663 238 3715 lium.
732 3676 788 3712 rum
805 3660 970 3723 Probumque
990 3655 1068 3707 corde
1084 3657 1181 3706 callens
1191 3658 1260 3710 vinti-

198 3739 283 3792 iPer
299 3738 367 3788 urbm
382 3738 491 3793 Qrmtuor
506 3739 626 3802 untiqrrur]
641 3739 693 3789 Va-
732 3735 793 3787 mo!
826 3737 862 3786 Et
883 3735 969 3784 Carra.
986 3745 1034 3782 xx.
1055 3730 1089 3780 de
1110 3733 1263 3798 Smphylior.

166 3818 245 3876 mter,
261 3813 366 3872 AEduor,
381 3811 470 3878 Aquas
486 3813 694 3878 Tarbellicar,et
734 3815 743 3844 ‘
763 3811 938 3862 Grammatico
968 3807 1002 3858 ad
1024 3807 1150 3856 Scaurum
1179 3816 1259 3874 atque

166 3889 343 3953 Burdigalam.
734 3885 865 3938 Probum?
898 3884 1011 3935 Probum
1034 3884 1102 3933 hunc
1122 3884 1260 3950 Berytium

200 3969 231 4018 13
245 3967 347 4016 Genitor
356 3965 447 4014 studuit
459 3965 596 4028 Medicinae]
607 3966 693 4018 Carm.
732 3962 814 4012 fuisse
824 3963 883 4011 hinc
891 3959 980 4010 videre
988 3966 1038 4009 ert.
1063 3959 1176 4024 Berytus
1184 3961 1260 4012 Plroe·

164 4055 187 4092 r.
205 4040 311 4092 Parent.
327 4041 395 4106 quod
415 4047 457 4092 ert
473 4041 508 4092 de
532 4048 608 4105 patre
624 4042 694 4095 Julio
733 4039 805 4089 nicer
824 4038 885 4088 urba
900 4043 942 4086 eet
957 4037 986 4086 iu
1003 4050 1051 4085 ora
1068 4035 1167 4088 Libano
1178 4039 1259 4088 monti

166 4117 297 4168 Amonior
315 4116 465 4167 ‘Praeditur
481 4123 510 4167 et
527 4118 594 4168 vitae
613 4118 693 4168 horni-
735 4116 864 4180 subjecta,
889 4113 1026 4185 Theodosii
1064 4121 1093 4164 et
1118 4115 1261 4167 iustiniani

168 4208 228 4245 num
247 4195 346 4246 ratione
363 4193 481 4244 medendi
500 4193 648 4259 Porrigere,
665 4199 693 4245 et
733 4193 893 4258 temporibus
917 4193 1002 4258 legum
1031 4191 1123 4244 etudilr
1143 4193 1258 4246 celeber·

169 4268 231 4322 satir
243 4269 399 4336 amplificare
409 4269 511 4322 morae?
732 4270 806 4322 rima.
