3000 4882
282 345 347 412 788
746 359 900 410 uusouu

281 511 314 569 et
327 522 387 585 pro
401 520 453 565 me
467 497 591 583 gratias
606 519 710 564 voces
725 501 871 565 omnium
894 498 1103 565 Galliarum:
1126 515 1266 584 quarum
1282 497 1378 568 Prae:

281 599 391 669 teoto?
410 603 495 668 hanc
521 601 804 668 honorificentiam
827 601 987 667 detulisti.
1043 601 1141 666 Ultra
1166 604 1375 686 progredior;

281 713 316 770 et
329 706 392 769 boc
407 704 483 787 quia
501 701 621 770 debere
635 704 668 766 te
684 701 782 778 dicis,
807 707 894 782 agat,
906 720 984 783 quae
999 703 1126 784 optime
1142 721 1236 786 agere
1251 711 1376 786 potest,

281 826 352 872 vox
366 807 443 884 ista,
458 804 684 889 quamdobui.
727 806 781 868 41.
802 803 1006 868 iamdudum
1032 812 1140 870 autem
1163 823 1262 887 quam
1290 807 1378 885 grati

283 909 395 984 animi,
411 915 479 971 tam
493 907 655 970 sermonis
669 906 794 986 exigui,
809 910 847 967 ut
860 925 961 988 supra
974 904 1173 984 dictumest,
1191 908 1375 970 succumbo

282 1010 441 1085 materiae,
453 1028 562 1093 neque
574 1007 685 1092 ,adhue
702 1007 761 1070 illa
775 1007 966 1089 perstrinxi,
981 1025 1059 1089 quae
1078 1025 1120 1070 ne
1135 1006 1376 1073 infantissimus

282 1111 428 1195 quidem,
443 1111 507 1174 nisi
528 1109 614 1172 idem
637 1109 867 1191 impiissimus,
890 1109 1071 1172 eminentia
1097 1128 1157 1191 per
1182 1108 1318 1184 famam,
1345 1116 1378 1173 et

282 1212 431 1280 omnium
453 1209 585 1292 gaudiis
605 1213 725 1273 testata
741 1210 979 1291 supprimeret3
1002 1229 1079 1292 quae
1095 1229 1196 1292 supra
1216 1211 1303 1274 vires
1327 1211 1377 1274 di·

282 1313 380 1378 cendi
401 1299 495 1374 meas
512 1309 634 1393 posita,
660 1314 795 1372 cunctor
818 1312 985 1392 attingere,
1009 1316 1068 1374 aut
1092 1310 1214 1392 ingrati
1240 1311 1377 1376 crimine

283 1412 481 1495 arguendae,
503 1417 562 1474 aut
574 1413 738 1474 temerarii
754 1413 957 1494 professione
972 1411 1178 1494 culpandus:
1203 1419 1312 1476 tamen
1328 1415 1376 1480 al·

282 1523 387 1579 terum
402 1531 480 1576 oum
495 1511 699 1576 subeundum
725 1513 781 1587 sit,
804 1513 981 1577 audaciam
996 1532 1094 1594 quam
1110 1513 1377 1578 malevolentiam

282 1614 371 1688 malo
394 1611 597 1694 reprehendi.
640 1611 693 1676 42.
714 1612 778 1689 Tu,
804 1612 954 1696 Auguste
972 1613 1182 1690 venerabilis
1206 1613 1377 1679 districtus

284 1717 433 1781 maximo
450 1713 548 1789 bello,
571 1715 817 1778 assultantibus
832 1723 882 1779 tot
896 1714 1046 1778 millibus
1060 1715 1286 1792 barbarorum,
1303 1719 1377 1799 qui-

282 1821 346 1883 bus
362 1817 510 1880 Danubii
532 1834 591 1878 ora
606 1817 831 1896 praetexitur,⁹
853 1817 988 1881 comitia
1010 1816 1213 1881 Consulatus
1237 1820 1305 1882 mei
1326 1837 1377 1882 ar-

282 1927 393 1984 matus
409 1935 559 1981 exerces.
602 1916 740 1980 Tributa
755 1903 833 1997 ista,
846 1919 935 2001 quod
950 1918 984 1981 in
1000 1914 1100 1981 urbe¹
1122 1917 1242 1981 Sirmio
1257 1938 1377 2000 gerau-

280 2101 307 2156 in
318 2122 404 2158 amaea.
436 2107 518 2167 Agant
529 2111 600 2158 etiam
606 2111 687 2169 grater
695 2120 738 2169 pra
748 2119 785 2154 ma
796 2119 861 2153 amaa
869 2103 1029 2152 autumn
1038 2103 1186 2154 Galliarum:
1201 2119 1301 2168 auarum
1310 2107 1378 2156 Proe·

277 2170 343 2230 secta
354 2171 461 2221 triimirti
470 2172 530 2220 buna
545 2173 659 2221 donarem.
691 2171 772 2231 Perga
790 2169 906 2225 atiena,-
919 2169 1065 2231 atquinium
1081 2170 1118 2217 aia
1133 2174 1156 2217 te
1171 2170 1200 2218 id
1215 2170 1377 2232 mitridatem,

281 2241 342 2297 agat
352 2236 396 2284 tibi
407 2241 488 2297 grates
505 2250 547 2297 pra
565 2251 601 2284 nia
619 2241 684 2283 tuum
700 2235 765 2282 iatad
784 2232 896 2295 eloquiam
914 2233 974 2294 qaod
992 2233 1092 2281 excolui.
1126 2234 1196 2289 Quod
1211 2235 1298 2296 optima
1308 2250 1379 2295 agera

281 2304 366 2362 patrat.
401 2301 452 2361 Ego
469 2306 556 2358 autem,
566 2299 606 2362 qai
626 2313 695 2362 auam
710 2303 780 2360 grata
789 2311 840 2345 sum
851 2298 938 2353 anima,
950 2301 998 2344 tam
1014 2298 1079 2345 tenui
1089 2311 1140 2345 aum
1155 2297 1268 2359 oratione,
1281 2299 1378 2359 jamdiu

283 2363 402 2425 opprimor
413 2362 573 2424 magnitudine
581 2363 723 2424 argumenti,
733 2367 760 2410 ui
769 2361 876 2424 saperius
884 2361 950 2408 aiat:
965 2361 1062 2414 modam
1077 2361 1151 2422 attigi
1161 2362 1213 2423 itia,
1224 2377 1275 2425 qaoe
1286 2379 1316 2412 ne
1329 2378 1378 2416 am·

283 2427 348 2475 nium
359 2427 451 2488 quidem
463 2427 680 2487 nriuimasacandua
689 2425 749 2490 (niai
763 2425 902 2473 simulasset
918 2423 1081 2486 impiissimas)
1087 2431 1203 2488 premeret
1213 2428 1316 2484 utentia,
1326 2442 1378 2477 eum

283 2495 365 2539 extant
379 2489 520 2552 perfatuum
530 2496 555 2539 et
568 2492 716 2553 aampmbata
730 2489 779 2538 rint
795 2487 882 2537 latitia
897 2490 999 2540 amnium
1006 2503 1015 2546 ,⁸
1031 2503 1082 2551 aaa
1092 2489 1173 2538 dubita
1183 2495 1287 2540 tractare
1297 2497 1379 2554 atpata

283 2556 345 2602 elata
355 2567 425 2616 supra
444 2569 517 2602 meam
536 2556 618 2604 arandi
630 2554 780 2614 facultates,
790 2554 826 2601 aei
844 2553 986 2601 armandae
1004 2553 1101 2602 erimine
1116 2554 1208 2614 ingrati
1224 2554 1308 2616 animi,
1318 2556 1340 2604 ai
1351 2571 1378 2604 ea

282 2618 348 2676 iiten,
359 2620 395 2665 aei
406 2619 550 2666 damnandas
561 2618 711 2677 temeritatis,
721 2617 742 2665 ai
751 2631 779 2665 ea
788 2617 909 2676 attingere
919 2617 1007 2665 andra:
1022 2617 1174 2666 attilanum
1188 2633 1240 2666 cum
1256 2620 1377 2668 incurren-

282 2683 338 2729 dum
349 2681 406 2729 miii
415 2682 448 2730 rit
459 2683 484 2730 ia
495 2683 635 2732 alterutrum
646 2682 804 2743 taramriam
819 2680 889 2742 argui
899 2680 925 2728 in
935 2695 972 2728 ma
986 2681 1151 2743 temeritatem,
1162 2697 1231 2745 quani
1241 2683 1377 2744 malignitn·

283 2749 338 2793 tarn.
372 2747 408 2794 Ta
423 2747 556 2795 Vmerandr
568 2748 709 2809 Imperator,
724 2749 847 2807 acropatus
863 2744 919 2792 belia
934 2744 1082 2806 grauiam,
1100 2760 1152 2794 cam
1171 2751 1206 2796 tat
1226 2746 1377 2795 barbararum

283 2810 367 2871 miliia,
376 2809 458 2873 quibua
473 2811 527 2873 ripa
538 2811 598 2859 latri
613 2811 726 2870 cingitur,
736 2809 852 2858 irruerant
868 2809 894 2856 in
906 2813 938 2870 ta,
949 2808 1003 2869 agir
1018 2809 1113 2858 comitia
1132 2812 1178 2858 mei
1189 2811 1328 2860 Canariatus
1338 2826 1377 2858 ar·

282 2879 369 2924 mutua.
401 2873 441 2924 Aa
453 2875 555 2924 Comitia
566 2874 615 2924 baa
630 2874 807 2938 appellabuntur
817 2872 916 2935 triturata,
927 2871 1034 2934 quoniam
1044 2873 1158 2922 habentur
1167 2874 1194 2922 in
1205 2874 1261 2924 urie
1272 2875 1377 2924 Sirmio?

280 3073 331 3162 1-8
349 3113 391 3164 ΑΙ.
408 3119 527 3164 ranan-9
545 3115 681 3164 Nonnullis
704 3115 798 3178 placet,
811 3112 1023 3177 protasium-10
1039 3113 1117 3176 vulg.
1136 3111 1178 3162 An
1198 3111 1249 3178 (ut)
1265 3117 1326 3177 quad
1342 3116 1376 3164 in.

282 3358 315 3396 ea
326 3347 441 3410 precatio
455 3356 504 3410 qua
521 3363 580 3397 mox
596 3349 628 3397 ad
647 3349 730 3398 Deum
742 3348 809 3398 Ora·
849 3393 855 3406 ,
884 3345 1007 3395 ¹'iiiiata
1025 3348 1084 3408 iata,
1105 3349 1166 3410 quad
1187 3347 1213 3396 in
1234 3347 1301 3409 arie,
1322 3350 1376 3412 ira]

283 3429 326 3470 tor·
343 3435 370 3469 ae
390 3430 539 3476 convertet:
556 3423 567 3454 ''‘
578 3425 681 3476 AEterue
699 3425 808 3474 omnium
849 3422 918 3478 Nou,
936 3421 1040 3484 quodln
1053 3422 1117 3471 urbe
1135 3420 1295 3471 haberentur
1310 3437 1377 3472 seur·

283 3496 396 3559 genitor,
414 3496 469 3558 ipse
488 3511 538 3547 uon
562 3499 658 3561 genite,
676 3499 763 3563 opifex
781 3508 809 3550 et
849 3511 895 3558 per
908 3496 1143 3559 tributnComitia3
1161 3498 1290 3547 tameuirn
1302 3506 1377 3547 extra

283 3585 359 3619 caiisa
389 3572 486 3634 mundi,
516 3574 642 3638 principio
671 3576 808 3639 antiquior,
849 3571 1004 3632 quamintru
1022 3571 1173 3633 pomoerium
1191 3569 1278 3620 hibita
1298 3571 1377 3622 fuisse

282 3644 334 3694 fine
353 3645 507 3717 diuturnior,
528 3651 572 3714 qut
596 3653 694 3714 tempu
713 3652 760 3701 ubi
781 3658 808 3700 et
849 3651 969 3694 constat:
988 3645 1034 3694 sed
1053 3648 1114 3709 quia
1133 3647 1159 3694 tn
1178 3646 1281 3697 tributu
1291 3648 1376 3697 Comi·

283 3734 341 3769 aras
352 3722 527 3784 penetralibus
542 3724 699 3774 initiatorum
717 3725 809 3774 menu-
850 3720 891 3768 tiia
903 3735 935 3770 ex
948 3722 1093 3785 regionibus
1113 3730 1141 3772 et
1154 3724 1220 3774 loeis
1237 3724 1309 3773 urbis
1324 3725 1377 3774 sui-

283 3795 331 3844 bua
351 3796 505 3856 canardurt,'
523 3802 572 3864 dic.
607 3801 685 3849 Mitto
696 3815 753 3863 qua
765 3802 809 3849 ira·
849 3798 931 3862 fragia
957 3801 1115 3854 ferebantur.
1158 3803 1277 3854 Sirmium
1300 3820 1376 3868 porra

280 3869 376 3918 bantur
386 3870 469 3932 Epist.
479 3886 558 3922 xxrv.
567 3887 631 3923 vrrs.
640 3871 695 3924 1‘12.
712 3879 719 3902 ‘
725 3876 809 3946 perta
848 3876 989 3928 Pannonia
1001 3878 1134 3942 oppidum,
1142 3879 1187 3928 ubi
1198 3884 1261 3929 tuuc
1272 3880 1378 3930 Gratia·

278 3954 323 3994 eat
342 3944 436 3994 fiducia
455 3947 536 4008 uobis,
551 3949 577 3998 Si
594 3951 703 4011 genitor,
723 3957 807 3998 natrrs-
847 3964 894 3998 uus
917 3952 1038 4015 degebat,
1063 3967 1120 4002 eum
1149 3954 1290 4005 Ausonium
1307 3955 1377 4006 'lecit

279 4033 333 4081 que
354 4019 402 4068 Dei
422 4021 464 4082 pia
484 4022 563 4070 verba
584 4025 712 4072 volentum
732 4024 807 4073 Acci·
848 4027 994 4090 Coroniam,
1008 4044 1053 4093 pro
1066 4030 1246 4081 Romahaberi
1265 4038 1376 4096 poterat,

279 4095 356 4155 piat!
848 4115 880 4148 ax
897 4116 947 4164 quo
966 4101 1049 4153 Roma
1068 4107 1149 4168 caepit
1168 4119 1225 4156 esse
1245 4107 1289 4157 ubi
1307 4117 1376 4158 esset

316 4166 327 4199 ¹¹
340 4169 444 4224 Quarum
455 4171 585 4234 Prasaata]
602 4172 657 4236 ipsi
668 4173 789 4224 Ausonio.
847 4171 1002 4240 imperator.
