3000 4882
572 388 772 439 lPlS'l'OlrAE·

166 527 334 611 Tripodes
350 527 501 593 caballos
515 533 608 611 terge
621 539 740 614 ruptos
755 532 907 612 verbere;

167 630 237 694 His
252 639 291 695 ut
305 631 466 696 vehantur
480 637 548 695 tres
563 633 699 697 sodales
714 635 833 699 unntii.

167 733 252 796 Fors
266 739 300 797 et
313 733 457 815 rogabit,
479 752 566 815 quos
580 733 717 798 sodales
731 734 857 800 dixeris

166 834 275 899 Simul
292 835 422 900 venire:
445 834 512 913 dic,
533 835 694 900 trinodem
709 836 895 921 Deotylum

167 935 252 1000 Vidi
267 941 425 1019 peretum·
436 937 598 1002 crucianti
612 938 759 1003 canterio
769 958 792 1004 r·
849 945 853 953 '

167 1036 359 1120 Spondaeus
374 1038 425 1101 illi
437 1037 581 1122 lentipes
594 1039 667 1103 ibat
681 1058 807 1117 comeo,

168 1139 310 1204 Paribus
325 1146 474 1203 moratur
488 1141 546 1222 qui
560 1140 646 1204 locis
660 1160 795 1204 cursum
810 1159 939 1206 meum:

166 1239 322 1323 Mihique
336 1241 467 1318 similis
490 1260 620 1324 semper
636 1241 799 1306 adversus
816 1248 939 1321 tumen,

166 1341 242 1407 Nec
257 1361 329 1425 per,
349 1361 411 1406 neo
425 1342 547 1424 imper,
569 1341 629 1426 qni
643 1342 828 1408 Trochaeus
843 1343 976 1410 dicitur.

167 1443 203 1506 H
207 1463 257 1507 aec
272 1442 342 1507 sare
357 1443 490 1520 cursim,
511 1462 572 1507 nec
586 1449 736 1508 moratus
751 1445 906 1526 pervola,

167 1543 310 1628 Aliquid
325 1552 495 1627 reportans
508 1545 639 1610 interim
654 1546 847 1612 munusculi
1176 1551 1220 1615 45

128 1711 131 1720 ,
167 1645 222 1710 De
235 1645 392 1727 largitate
407 1646 526 1710 musici
538 1647 720 1730 promturii.

122 1827 234 1890 ponderis
243 1827 385 1878 moetimrii
395 1844 404 1878 .·
419 1833 446 1877 ut
455 1829 487 1878 ite
497 1833 546 1878 teee
555 1828 635 1878 nertii
644 1829 734 1878 mue
750 1830 895 1880 develleretur
905 1831 936 1879 od
952 1844 1011 1879 erem.
1045 1830 1136 1881 Fortun
1147 1831 1221 1882 elion

123 1898 224 1954 qureret,
234 1908 292 1956 quoe
297 1894 387 1942 redoles
396 1892 488 1942 diseio
497 1908 545 1942 erro
555 1895 586 1942 od
596 1908 648 1942 eum
657 1908 770 1956 pergere.-
785 1895 936 1957 remuneret,
945 1896 995 1943 eidi
1004 1895 1132 1960 Doctyturr
1144 1898 1220 1946 trino-

124 1959 178 2005 dem
186 1961 297 2019 peretum
304 1959 334 2006 od
342 1958 479 2006 valendere
489 1957 515 2006 ire
525 1957 779 2007 coddlorrrecetteute:
791 1958 947 2008 comitabatur
954 1973 1006 2007 eum
1016 1963 1136 2022 rpoodm
1144 1961 1221 2009 tordi-
1312 1978 1316 1986 ·

125 2023 228 2084 gradus,
236 2022 390 2084 quireturdet
397 2036 487 2070 murm
498 2036 573 2070 meere
588 2021 680 2084 peritur
691 2023 717 2070 iu
729 2022 826 2071 totidem
835 2022 935 2077 reditur,
952 2028 1007 2086 quot
1018 2039 1076 2086 ego.-
1092 2031 1115 2074 et
1126 2025 1166 2074 ille
1176 2026 1222 2073 mei

125 2085 215 2134 similis
222 2101 313 2148 semper
321 2093 400 2134 tomen
408 2085 549 2147 cmtroriue,
558 2100 631 2148 neque
643 2101 700 2148 por,
716 2101 789 2148 neque
800 2088 887 2150 imper,
898 2087 937 2150 qut
948 2088 1079 2149 appelletur
1092 2087 1222 2140 ltoetoeee.

127 2148 215 2198 Dicito
226 2150 304 2200 eiteto
315 2164 423 2212 propere,
433 2155 456 2198 et
465 2150 549 2212 utque
560 2165 626 2199 moro
636 2163 733 2200 recurre
741 2152 774 2200 od
784 2167 830 2215 me,
840 2151 945 2212 reserere
959 2153 1057 2201 interim
1067 2153 1157 2216 aliquid
1170 2168 1222 2204 mrt-

123 2213 217 2264 meet
226 2216 255 2264 de
271 2214 413 2264 liberalitate
422 2229 496 2278 moue
505 2213 555 2275 ejee
564 2214 674 2278 mettere.

618 2369 724 2424 NOTAE

111 2524 113 2528 -
156 2489 190 2538 88
201 2485 261 2548 Dic,
272 2486 389 2536 trinodem
402 2487 542 2552 Doetplum]
556 2489 654 2551 Deety·
694 2487 797 2538 videtur
816 2488 1052 2553 Hendecesylleboe
1069 2489 1223 2554 Phalerico,

122 2562 177 2612 lum
197 2560 290 2625 pedem
309 2562 414 2626 syllabis
434 2562 517 2612 tribus
536 2569 655 2613 coneten-
695 2578 728 2613 ex
738 2564 877 2628 Spondeo,
887 2566 1011 2629 Dactqu
1019 2572 1047 2616 et
1058 2565 1150 2617 'l'ribne
1158 2568 1221 2616 Tro-

126 2645 190 2699 tem,
200 2651 285 2702 quem,
297 2638 357 2702 quie
368 2637 588 2703 quadrupedantis
596 2639 655 2704 equi
695 2640 772 2690 clraeis
784 2644 942 2690 constantes.

123 2728 227 2764 cursum
242 2713 339 2777 optime
349 2713 474 2777 imitetur,
486 2714 578 2764 edvelri
592 2714 656 2765 dicit
727 2719 759 2764 tt
777 2716 828 2763 Nee
842 2729 896 2777 per,
913 2730 955 2764 reee
972 2712 1061 2778 imper]
1078 2715 1146 2766 Quia
1160 2716 1221 2764 'leo-

124 2786 254 2840 crucianti
287 2787 419 2850 canterio,
453 2803 555 2838 versum
588 2789 656 2839 huuc
695 2789 783 2840 clraeue
799 2790 857 2853 peri
875 2790 979 2854 quidem
991 2803 1098 2839 nrrurero
1112 2791 1222 2853 sylloho-

124 2864 214 2914 Pleuti
226 2865 330 2915 intuens
349 2865 374 2913 in
396 2865 512 2928 Captivis
527 2865 560 2914 de
572 2866 655 2928 pisce·
695 2881 753 2916 rum
765 2873 878 2930 constet,
894 2866 940 2915 sed
960 2881 1016 2930 que
1027 2866 1160 2929 inaequalis
1170 2867 1223 2916 sint

124 2941 241 2990 toribus:
257 2939 326 2993 ‘Qui
336 2939 499 2990 edrelruutur
510 2940 655 3005 quadrupe·
695 2943 857 3008 quantitatis,
869 2957 902 2991 ex
914 2943 990 3006 longe
999 2954 1093 3002 nempe
1104 2948 1132 2990 et
1142 2941 1222 2990 brevi.

124 3015 335 3066 deuticrnoienti
347 3016 489 3067 canterio?
693 3018 746 3068 Sed
764 3017 813 3067 lroc
832 3017 865 3066 de
884 3031 913 3066 ee
933 3016 1012 3067 etiem
1030 3016 1119 3067 dicere
1130 3017 1222 3068 eodem

157 3096 192 3141 td
216 3090 345 3156 θροιάω
365 3091 413 3156 illi,
433 3091 488 3156 tro]
508 3092 654 3158 Designere
690 3091 970 3156 jurepoteetlonrbue.

314 3339 631 3390 xx11.eosorr1os
656 3340 823 3388 resumo
847 3338 929 3389 suo.
972 3323 1042 3410 414Ι

163 3463 329 3527 Moerus
346 3469 380 3528 et
392 3464 579 3547 trequentes
593 3463 672 3528 mihi
688 3463 802 3544 gratioe
817 3469 887 3526 tuae
900 3482 1021 3527 causas
1041 3468 1075 3527 et
1087 3447 1225 3528 occasio

126 3564 271 3630 subinde
297 3571 375 3629 nete
403 3565 592 3642 concinnat,
613 3570 647 3629 et
669 3570 794 3628 naturae
820 3571 889 3628 tuae
916 3563 1060 3628 facilites
1082 3565 1224 3646 benigne

162 3747 232 3812 Ofili
243 3746 354 3810 Pauline,
370 3753 443 3796 reret
453 3762 504 3798 rere
514 3745 642 3798 identidem
652 3749 721 3810 dont,
731 3752 756 3797 et
765 3746 837 3796 comis
846 3745 1052 3820 indulgentium
1061 3744 1148 3796 indolis
1157 3747 1225 3806 optut

621 3889 727 3941 NOTAE

159 3989 175 4018 ⁸
190 3989 656 4054 HeucquoqueEpietolenr,qnome·
697 3994 758 4038 ente
787 4001 880 4036 ennom
905 3989 962 4035 89⁰.
988 3985 1110 4049 scriptam
1136 3981 1224 4044 fuisse,

126 4065 657 4130 'ruditisrirnemelegantissimamqueme·
696 4063 805 4113 Paulino
828 4062 964 4112 etiemunm
987 4061 1013 4108 in
1039 4058 1145 4122 proelis
1172 4059 1224 4108 soie

125 4140 179 4189 rito
191 4140 307 4202 appellet
322 4141 449 4204 Scaliger,
467 4147 494 4188 et
511 4141 598 4204 lepore
608 4139 657 4188 At·
696 4145 881 4188 commorante.

126 4215 184 4264 tico
203 4213 328 4263 refertum
347 4228 409 4265 rere
426 4214 545 4277 dixerim,
555 4221 657 4264 coortat

193 4295 281 4359 Dent.
292 4301 316 4345 et
330 4294 387 4347 Ver.
398 4296 464 4346 Cloe.
643 4297 732 4344 Ausere.
1033 4287 1041 4300 ⁸
1104 4297 1118 4340 3
1137 4291 1157 4340 Α
