3000 4882
293 355 357 420 722
760 361 910 411 ausonis

293 513 383 592 Quot
396 508 571 575 commissa
585 506 665 570 viris
680 504 846 581 Romana,
869 503 1065 587 Albanaque
1079 504 1169 568 lata:

336 611 492 692 Quotque
509 605 609 670 doces
623 605 721 681 horis,
740 611 891 687 quotque
906 603 995 668 domi
1010 604 1148 668 resides.
1330 601 1375 665 10

294 712 389 777 Ostia
404 714 484 794 quot
498 728 560 790 pro
573 713 666 790 parte
679 708 784 789 aperit
798 705 970 770 stridentia
982 704 1119 772 circus:

334 812 499 894 Excepto,
521 808 664 871 medium
677 805 768 889 quod
781 811 877 889 patet
891 805 934 868 ad
950 806 1110 869 stadium*

293 913 386 992 Quot
398 909 539 994 pedibus
555 907 745 989 gradiuntur
758 925 852 988 apes,
874 914 908 970 et
921 925 1038 970 versus
1053 904 1213 970 Homeri:

335 1012 489 1094 Quotque
501 1010 592 1072 horis
607 1009 746 1091 pelagus
761 1008 903 1090 profluit,
920 1006 1104 1076 autrelluit.

291 1113 432 1179 Protulit
446 1112 481 1175 in
496 1128 629 1174 scenam
643 1114 725 1190 quot
739 1107 889 1172 dramata
901 1106 1104 1183 fabellarum,
1333 1104 1377 1168 15

332 1211 487 1276 moadiae
501 1209 612 1273 medio
627 1209 685 1290 qui
701 1207 792 1290 jacet
807 1207 843 1269 in
858 1207 990 1287 gremio.

287 1315 354 1380 Vel
368 1317 448 1395 quot
463 1311 638 1394 juncturas
653 1309 852 1390 geometrica
866 1308 972 1371 forma
987 1307 1138 1370 sevorum

296 1437 299 1443 ·
332 1412 485 1478 conserit
499 1412 657 1474 extremis
673 1410 836 1486 omnibus,
859 1414 893 1471 et
907 1407 1039 1470 mediis.

290 1515 384 1594 Quot
397 1512 497 1576 telios
512 1512 637 1593 primus
652 1528 818 1585 numerus
839 1509 996 1591 solusque
1012 1508 1186 1590 probatur3
1258 1507 1262 1512 “

333 1613 425 1692 Quot
439 1631 511 1695 par,
535 1618 633 1694 atque
649 1612 755 1694 impar
768 1610 920 1694 partibus
936 1610 1130 1691 aequiparat,
1332 1605 1376 1673 20

289 1790 372 1840 Roma
382 1788 496 1838 etalio:
512 1795 536 1838 et
546 1805 588 1852 per
597 1795 652 1852 quot
663 1789 731 1837 liores
742 1793 769 1836 tu
785 1791 859 1849 doces,
871 1793 946 1852 siper
960 1795 1014 1852 quot
1030 1787 1129 1851 quiescis
1144 1787 1207 1836 domi
1218 1791 1275 1836 tua.
1310 1787 1377 1844 Quat

287 1853 413 1902 stridentes
430 1859 504 1914 porta
521 1855 654 1916 panduntur
669 1853 695 1900 in
715 1852 890 1914 dimidiapmte
906 1853 979 1909 Circi,
989 1857 1137 1914 preteream
1157 1850 1330 1918 quamunitas·
1345 1852 1377 1899 art

287 1917 411 1964 dimidium
420 1917 530 1966 stadium.
566 1917 629 1972 Quot
646 1916 742 1980 pedibas
752 1930 806 1976 apes
822 1921 846 1964 et
856 1931 947 1964 carmen
958 1916 1058 1966 Homeri
1073 1915 1191 1975 incedunt,
1200 1919 1224 1962 et
1240 1915 1306 1962 intra
1319 1919 1377 1976 quot

288 1979 358 2028 laras
370 1981 540 2043 Oceanosfluit
551 1986 574 2029 et
584 1981 673 2042 reflui.
708 1981 770 2034 Quot
782 1981 910 2028 Gomoedias
919 1981 988 2042 po'e'to
998 1981 1050 2039 ille,
1059 1981 1100 2042 qui
1109 1979 1254 2040 aspamam
1261 1977 1288 2026 in
1298 1978 1377 2026 medio

287 2045 377 2103 gremio
388 2043 507 2102 Arcadia,
527 2044 632 2092 exhibuit
650 2044 676 2092 in
693 2044 792 2092 theatro.
824 2044 875 2092 Aut
894 2049 950 2105 quot
966 2043 1129 2091 commissuras
1138 2041 1223 2104 figura
1231 2040 1378 2102 geometrica

283 2106 396 2166 saeorum
405 2108 524 2167 coniungit
534 2108 560 2155 in
569 2106 673 2155 omnibns
687 2107 808 2165 extremis,
819 2111 842 2155 et
851 2107 941 2156 mediis.
970 2107 1034 2161 Quos
1043 2105 1173 2155 unitatibus
1190 2105 1250 2152 salus
1260 2104 1377 2165 primus

289 2171 392 2219 numeris
399 2171 514 2233 perfectas
523 2176 626 2220 constare
637 2169 721 2221 debet:
735 2175 790 2233 quot
799 2169 902 2220 anmatos
905 2171 995 2234 primm
1002 2185 1057 2234 par,
1066 2174 1090 2219 et
1097 2169 1189 2232 primm
1195 2168 1272 2231 impar
1282 2169 1375 2217 numeri

743 2321 917 2341 “mm

287 2415 420 2478 nagnam
430 2415 571 2478 Vola-lli
586 2415 757 2466 Scribendum
767 2418 837 2466 teleos
847 2415 948 2466 videtur
961 2414 1092 2465 Aoeurslo.
1126 2412 1275 2476 negendam
1286 2421 1377 2464 mouet

777 2559 881 2610 NOTAE

320 2658 337 2703 9
354 2654 417 2713 Quot
426 2654 544 2703 commissa
553 2653 613 2714 viris
624 2654 740 2715 Romana,
756 2653 810 2716 isa]
852 2655 929 2704 runt?
953 2655 1055 2704 scilieet
1072 2653 1094 2702 si
1115 2653 1148 2702 ab
1169 2654 1238 2702 ostio
1259 2667 1320 2715 nno,
1342 2655 1377 2704 ad

288 2728 382 2779 'l'rlbos
393 2729 518 2784 Horatiis,
535 2738 563 2779 et
574 2729 654 2779 tribus
665 2729 795 2780 Curiatiis.
850 2731 996 2792 oppositum
1016 2729 1041 2778 el
1061 2728 1153 2778 ostium
1172 2729 1264 2777 lineam
1286 2727 1377 2792 duem,

320 2807 352 2852 1⁰
370 2804 478 2866 Quasque
498 2805 564 2854 doces
584 2805 656 2865 herm,
677 2802 729 2865 im]
747 2804 809 2854 Cum
850 2819 907 2868 qoae
930 2804 1032 2854 Circum
1050 2804 1078 2853 in
1105 2805 1168 2852 duas
1189 2809 1261 2852 secet
1286 2811 1377 2867 partes

288 2877 357 2928 diem
368 2880 456 2942 quouis
469 2879 526 2928 anni
538 2884 653 2940 ternpore
669 2878 695 2925 in
715 2877 810 2928 duodo·
851 2879 969 2943 aequales,
986 2887 1021 2942 ot,
1031 2895 1092 2943 qua
1104 2879 1136 2928 ab
1146 2879 1203 2942 hac,
1220 2880 1261 2927 vel
1278 2880 1311 2928 ab
1330 2877 1378 2929 illa

287 2953 335 3002 cim
347 2955 448 3015 temper
458 2955 532 3020 lroras
543 2952 700 3015 dividerent,
714 2958 742 3001 et
752 2967 810 3002 noc·
850 2961 925 3019 parte
935 2955 1002 3003 ostia
1012 2959 1080 3016 sunt,
1096 2955 1133 3002 sio
1143 2967 1271 3014 numeres,
1286 2958 1316 3002 ut
1335 2968 1378 3002 os·

287 3035 342 3077 tem
353 3028 378 3076 in
391 3029 507 3078 totidem.
541 3030 581 3077 Ex
597 3029 645 3078 lroo
663 3030 720 3079 loeo
737 3035 809 3091 patet
850 3031 888 3080 tia
898 3030 980 3094 ambo,
992 3031 1024 3078 ad
1037 3044 1094 3094 qoae
1105 3029 1173 3077 liuea
1182 3028 1227 3076 illa
1239 3027 1375 3090 pertingit,

287 3103 410 3154 Ursulum
430 3119 477 3167 per
494 3105 626 3154 dimidium
646 3105 712 3154 diem
735 3106 809 3154 horas
849 3119 956 3155 numero
975 3119 1062 3155 eorum
1080 3103 1203 3164 includas,
1220 3109 1320 3165 septem
1335 3102 1376 3152 iu·

287 3179 390 3228 seilicet
400 3193 446 3226 sex
458 3179 576 3227 docuisse
592 3179 617 3226 io
636 3178 695 3226 ludo
712 3194 767 3240 suo,
782 3186 809 3229 et
849 3180 946 3239 venies,
961 3194 993 3228 ex
1005 3178 1097 3242 quibus
1108 3177 1128 3226 si
1146 3177 1232 3226 demas
1251 3175 1376 3239 medium,

287 3267 335 3318 per
356 3252 483 3315 reliquum
508 3252 641 3312 dimidium
659 3252 726 3300 diem
754 3268 808 3304 ces·
850 3254 890 3302 vel
901 3254 969 3303 aliud
981 3254 1098 3317 quodvis,
1109 3257 1263 3314 supererant
1274 3265 1331 3300 sex.

286 3342 355 3380 susae
366 3343 382 3377 a
393 3327 518 3377 docendo.
536 3365 539 3370 .
881 3331 913 3377 lo
928 3328 1038 3378 Arcadia
1052 3327 1126 3376 medio
1140 3329 1180 3390 qai
1193 3327 1260 3389 jasel
1277 3327 1305 3375 ia
1318 3341 1375 3389 gre·

320 3407 350 3451 ll
370 3402 438 3450 Ostia
448 3408 504 3464 quot
512 3417 555 3464 pm
564 3407 641 3465 parte,
656 3406 697 3466 &a
720 3395 811 3466 Exoepss
848 3401 906 3464 mia]
922 3403 1066 3466 Terentius,
1083 3402 1154 3465 eujus
1168 3407 1263 3452 'estam
1273 3401 1375 3451 Comoe-

285 3482 321 3538 to,
331 3477 439 3537 mediam,
454 3478 505 3540 tm]
522 3477 596 3527 Ostia
611 3478 637 3525 in
654 3478 728 3526 Circo
748 3479 809 3527 duo·
849 3478 899 3526 oia
919 3492 973 3540 sex,
988 3479 1082 3542 quique
1093 3478 1120 3526 in
1130 3478 1282 3542 Stymphale
1295 3479 1377 3529 Arca·

288 3552 373 3601 decim
393 3550 507 3614 luerunt,
532 3568 588 3616 qua
610 3554 693 3602 omnia
720 3554 809 3604 eodem
849 3551 1015 3616 dietpoldo,
1031 3552 1251 3602 doloreactaedio
1270 3555 1375 3603 amissa·

286 3628 810 3692 temporeaperiebantursigillorumqno·
849 3641 904 3676 rum
922 3626 1074 3690 fabularum,
1090 3627 1143 3677 vita
1161 3627 1264 3676 functus
1283 3643 1313 3678 ao
1335 3644 1376 3679 se-

286 3702 394 3751 tundam
426 3716 469 3750 seu
498 3701 651 3751 Hermetem
680 3708 811 3753 automata
850 3703 1066 3765 pultustraditur.

285 3777 491 3829 machinatione:
509 3777 639 3826 ‘Bissena
657 3779 753 3842 quippe
770 3792 810 3828 os·
882 3782 911 3826 ll
945 3779 988 3828 Vel
1008 3783 1063 3842 quot
1077 3779 1204 3839 iuncturas
1231 3779 1375 3840 geometrica

286 3853 344 3916 tia,'
359 3852 809 3917 inquitcnssiodoros‚‘'adx11.slg·
842 3853 1051 3916 sommsaoomm]
1066 3853 1219 3917 Synaloepha
1230 3860 1271 3902 est
1282 3855 1309 3902 iu
1327 3852 1375 3901 ‹lu-
1393 3885 1398 3894 .

285 3934 479 3991 naposuerunt.
512 3928 576 3976 Hae
588 3929 620 3977 ab
631 3929 761 3978 Hermulis
770 3928 809 3978 fu·
851 3931 913 3976 abus
934 3928 1022 3991 primis
1043 3928 1149 3992 syllabis
1173 3929 1375 3992 voeis‘geonre-

286 4003 360 4052 uibus
372 4003 487 4052 demissis
497 4001 739 4066 subitaaequalitate
748 4017 809 4069 pau-
849 4001 932 4051 trica!
963 4004 1133 4068 Sexangulam
1143 4017 1221 4067 porro
1235 4017 1292 4053 esse
1307 4003 1376 4068 ligu-

287 4079 456 4141 duntur,’&e.
489 4077 622 4129 Quomodo
634 4092 695 4142 ergo
711 4093 757 4127 sex
777 4079 809 4127 ab
849 4089 903 4124 ram
914 4077 1036 4127 cellarum
1050 4077 1077 4126 in
1094 4090 1170 4139 apum
1189 4076 1255 4127 iaris
1272 4077 1376 4127 notissi-

287 4166 338 4200 una
349 4159 423 4218 parte
440 4153 526 4202 demto
539 4152 622 4201 medio
642 4166 699 4202 esse
719 4160 808 4218 potue·
849 4167 925 4203 mum.
