3034 4878
605 379 816 430 rnnroorrn.
1180 353 1240 430 851

152 539 218 604 que
232 521 388 586 lectorum
400 485 560 605 juvenum
575 542 772 614 congregem
786 522 996 604 densitatem,
1011 525 1098 588 uno*
1117 524 1247 606 agmine

153 627 566 701 commeantem,²⁸cuusas
580 626 778 690 interitionis
790 624 974 707 accipiunt.
1006 625 1038 691 3.
1055 624 1144 689 Tum
1159 625 1248 709 apud

154 722 286 789 Inieros
301 745 435 809 quoque
448 727 553 791 virius
570 727 697 805 Ulixis,
719 733 753 791 et
775 726 962 809 Penelopes
977 727 1142 810 pudicitia
1159 747 1248 810 prae·

155 824 320 904 dicantur,
336 828 378 890 ab
394 825 641 910 Agamemnone
656 847 726 910 prae
741 827 873 905 ceteris,
889 827 944 891 cui
960 827 1075 909 dispar
1089 826 1199 892 fuerat
1213 829 1248 892 in

153 933 317 1009 utroque³
333 921 488 993 fortuna?
531 925 654 993 Ulixes
681 927 727 992 ud
749 925 905 992 Ladrtem
925 935 1051 1012 patrem
1073 931 1109 994 in
1133 950 1249 1012 agrum

151 1027 335 1111 profectus,
356 1037 392 1094 et
404 1031 579 1113 inopinato
594 1029 728 1107 reditu‚4
753 1035 786 1094 et
808 1047 915 1094 remur
940 1037 1104 1112 gestarum
1127 1030 1245 1109 relatu,

154 1126 267 1194 affecit
280 1151 412 1197 senem:
435 1129 577 1196 officitur
600 1132 643 1195 ab
666 1149 707 1194 eo
735 1129 903 1211 cognitis,⁵
931 1150 1015 1214 quas
1029 1131 1248 1210 exantlasset,

153 1231 338 1297 aerumuis.⁶
380 1234 412 1297 4.
428 1231 573 1297 Subinde
588 1238 620 1297 et
633 1238 747 1315 patres
762 1251 950 1315 procorum,
972 1251 1071 1296 neces
1088 1232 1248 1316 juvenum

153 1339 335 1416 properant
348 1333 452 1397 ultum
466 1333 533 1398 ire:
548 1334 760 1417 consilioque
776 1339 809 1396 et
823 1333 857 1397 vi
872 1334 1153 1410 communicatis,⁷
1169 1340 1247 1398 ante

150 1439 361 1516 expectatum
390 1453 467 1516 agro
490 1434 736 1517 superveniunt.
784 1431 851 1498 seu
880 1453 938 1497 eos
961 1433 1034 1516 jorn
1061 1434 1248 1498 comitatior

153 1528 274 1598 Ulixes
289 1532 409 1610 fundit,
433 1533 605 1616 fugatque.
648 1535 680 1597 5.
702 1532 827 1598 Vemm
851 1535 1065 1616 gliscentibus
1091 1534 1190 1610 odiis,
1213 1541 1248 1598 et

152 1633 276 1716 majore
290 1632 452 1697 seditione
471 1638 528 1697 aut
549 1633 691 1696 tumultu
705 1639 872 1715 spectato,
897 1653 941 1698 ex
966 1637 1129 1700 sententia
1152 1635 1250 1700 Jovis

153 1736 188 1798 ln
216 1735 370 1799 Ithacam
404 1733 558 1799 Minerva
587 1733 776 1799 descendit:
811 1739 846 1800 et
875 1737 1057 1800 conciliata
1084 1737 1247 1818 utrimque

152 1855 249 1919 pace,
280 1836 403 1915 studia,
426 1843 461 1900 et
489 1841 602 1900 motus
630 1837 784 1919 partium,
814 1857 920 1902 rerum
946 1842 1113 1920 gestarum
1142 1838 1247 1902 aboli-

156 1936 247 2001 tione
257 1936 269 1975 ⁸
280 1945 292 1973 ⁰
305 1938 493 2021 componit.

154 2101 190 2149 Et
196 2102 377 2151 eemudmtruioe
385 2108 460 2150 essent
466 2101 584 2151 collectum
592 2100 800 2162 terbumg'usenen
807 2099 1250 2163 exquisitorenreontirmemeculerru,

153 2171 292 2226 cognooeunt
303 2182 333 2214 ec
344 2167 378 2214 eis
386 2180 465 2215 reeens
473 2167 554 2215 mortis
561 2179 648 2214 emnem.
682 2165 747 2214 Tune
753 2166 874 2226 fortitudo
888 2163 978 2224 Ulixis,
993 2169 1021 2213 et
1028 2164 1165 2214 maneum
1177 2165 1251 2213 Pene-

152 2229 214 2292 lopes
224 2230 369 2279 celebrantur
379 2231 485 2278 miamin
493 2230 593 2292 demeris,
606 2228 723 2292 precipue
738 2229 769 2277 ub
779 2229 962 2290 Agamemnone,
976 2229 1017 2290 qui
1033 2227 1145 2277 indueret
1163 2233 1251 2277 sortem

155 2293 293 2342 dissimilem
301 2294 328 2342 in
337 2294 376 2342 leis
386 2295 474 2343 duobus
484 2294 559 2344 rebus.
596 2294 681 2343 Ulixes
690 2309 743 2342 cem
754 2293 834 2342 inisset
844 2307 885 2341 rer
901 2293 931 2340 ud
944 2297 1038 2356 putrem
1052 2307 1120 2341 muns
1130 2292 1249 2354 histem,

151 2358 268 2419 permovit
278 2371 362 2419 senen,
379 2361 403 2406 et
417 2359 549 2408 reversione
561 2373 605 2407 seu
623 2359 782 2420 inexpectata,
799 2362 823 2406 et
840 2356 976 2406 narratione
994 2371 1072 2406 eorum
1087 2368 1138 2420 que
1148 2357 1251 2416 fecerat.

155 2417 313 2470 Permoeeiur
324 2423 396 2471 etiem
404 2423 434 2472 ub
444 2437 470 2471 so
479 2422 569 2472 ruditis
579 2421 681 2470 eniseriis
689 2435 746 2483 quoe
752 2423 892 2484 permirari.
920 2421 995 2469 Paulo
1002 2425 1053 2484 post
1061 2422 1133 2469 etium
1141 2425 1252 2484 perenm
1277 2451 1282 2458 ·

152 2485 398 2548 procorumfestinunl
408 2487 530 2536 vindicare
544 2491 642 2535 mortem
658 2486 893 2546 illorumjunenmn:
909 2485 1126 2549 eomnrsnieutisque
1144 2487 1207 2534 inter
1225 2499 1251 2536 se

152 2549 258 2598 consitiis
267 2565 295 2599 uc
304 2550 401 2612 uiribus,
416 2550 483 2614 prius
492 2551 600 2615 opinione
611 2551 739 2599 advertirent
757 2550 783 2598 in
800 2563 898 2612 amm,
912 2549 953 2599 udi
970 2555 1022 2599 erut
1037 2549 1128 2599 Ulixes.
1165 2547 1252 2599 Verum

158 2613 300 2675 Ulixesjum
309 2615 390 2663 melius
400 2616 500 2677 stipatus
515 2615 614 2678 dissipet
624 2627 662 2663 eos
676 2618 700 2663 et
710 2614 785 2663 remit
798 2615 824 2663 in
832 2616 928 2675 jugum
960 2613 1009 2662 Sed
1027 2629 1079 2662 eum
1096 2615 1150 2662 odio
1165 2628 1253 2663 cresee-

154 2682 219 2739 renl,
233 2678 316 2739 eliens
324 2680 494 2741 provideretur
504 2679 578 2740 major
587 2678 673 2728 seditio
683 2679 719 2726 cel
736 2679 808 2726 etiem
824 2678 909 2726 bellum
925 2678 1072 2738 intestinum,
1088 2678 1170 2726 Pullus
1187 2677 1251 2726 delu-

155 2739 220 2790 diler
229 2741 255 2791 in
264 2741 371 2792 remam
380 2743 451 2792 «loeis
459 2744 562 2792 munitur
579 2747 604 2790 et
614 2741 685 2801 suctu
694 2755 751 2803 pure
760 2741 824 2789 inter
831 2746 955 2804 uirumque
964 2745 1065 2804 purtem
1080 2743 1146 2789 sedet
1161 2741 1251 2803 studim

154 2810 179 2856 et
189 2806 469 2869 ugitmbnufuetiemm
480 2807 593 2857 oblimom
603 2819 681 2854 eonem
690 2803 902 2868 quiesceremus.

614 2947 793 2969 vernoune

188 3055 202 3100 1
219 3051 336 3100 Juemum
344 3065 443 3112 gregem
453 3051 636 3114 semermemque
650 3065 675 3102 rs.
691 3048 757 3112 legit
775 3046 950 3098 vetustissime
963 3045 1116 3096 Purisiensis
1126 3045 1168 3095 ed.
1193 3045 1251 3097 Me·

154 3114 284 3178 riungelus
298 3115 406 3164 accurs.
424 3129 457 3164 ex
474 3115 661 3178 antiquioribus
680 3114 752 3163 libris
769 3112 945 3174 reponendum
957 3111 1070 3160 censuit:
1081 3111 1104 3170 j.
1115 3125 1167 3159 cum
1176 3123 1251 3171 grege

153 3179 294 3228 densitatem
302 3195 326 3228 u.
344 3178 509 3228 vinies-e
526 3179 644 3230 Graerius
654 3179 727 3240 legit,
743 3180 927 3230 commutatum,-
944 3175 1054 3235 Tollius,
1064 3174 1249 3236 eommeqnts'um,

154 3247 203 3292 -8
221 3243 333 3306 Coujicit
346 3242 475 3304 Gravius,
485 3243 511 3292 in
521 3247 699 3305 utrumque-4
715 3243 820 3290 Vetust.
836 3239 983 3301 exemplar:
1000 3239 1120 3302 inopinato
1131 3240 1250 3287 elredits.

154 3312 202 3355 -6
220 3306 263 3354 ΑΙ.
274 3306 427 3368 rogelim-b
444 3307 506 3366 Alii,
518 3309 662 3356 exenrlessel
670 3307 842 3354 armanus-r
859 3303 904 3353 Sic
911 3303 1026 3353 restituit
1036 3304 1185 3365 Accursius,
1196 3315 1252 3366 pro,

154 3370 427 3420 communicationis-8
443 3371 486 3421 Sic
497 3371 625 3434 Graevius,
637 3369 853 3434 praemolestiam.

648 3498 755 3550 NOTAE

188 3603 200 3629 ⁸
217 3596 362 3658 Gorg-regem
372 3597 520 3660 densitatem,
534 3610 579 3646 uso
589 3596 682 3659 agmine
722 3594 843 3658 nelopen,
853 3591 1028 3657 Agamemnon
1040 3592 1182 3641 adulterum
1192 3593 1251 3656 Cly-

154 3673 330 3735 rennuentem]
343 3673 386 3722 Sic
398 3672 465 3723 bene
474 3673 584 3724 Vinctus
593 3673 682 3724 et'l'ol·
722 3675 912 3719 taemnestrem:
926 3669 1030 3718 vicisset
1041 3673 1068 3715 et
1077 3666 1250 3718 interfecisset

155 3749 214 3798 lius.
237 3749 383 3812 Congregem
392 3762 494 3812 expone
502 3753 681 3812 congregatum:
721 3745 808 3795 uxoris
818 3759 909 3808 procos
917 3743 1008 3792 Ulixes
1019 3741 1173 3804 advenirem
1184 3743 1250 3806 Agu-

155 3825 298 3888 composito
315 3825 363 3874 lroe
378 3825 460 3874 utitur
470 3825 547 3874 etiam
557 3824 618 3874 sllbi
628 3825 680 3873 Au·
720 3827 838 3871 memnon
857 3833 919 3868 vero
936 3817 1012 3880 {troje
1032 3829 1150 3867 reversus
1162 3818 1195 3868 ab
1206 3818 1248 3868 AE·

155 3900 253 3961 eonius,
263 3909 291 3949 et
302 3900 396 3964 sepios
408 3899 534 3964 Apuleios
545 3907 641 3949 noster.
721 3897 805 3960 gistbo
823 3893 941 3957 coniugis
956 3906 1010 3942 sune
1028 3892 1145 3968 adultero
1157 3893 1248 3960 fuisset

188 3973 264 4024 b(hri
282 3975 363 4039 dispar
373 3977 458 4036 fueret
477 3977 502 4025 in
519 3981 616 4038 utroque
627 3974 683 4034 sor·
722 3969 885 4022 interfectus.

155 4047 225 4113 issu]
240 4048 272 4100 ln
284 4053 380 4101 virtute
392 4051 493 4102 scilicet
504 4065 559 4116 sue,
570 4056 599 4101 et
608 4051 682 4115 pudi-
754 4056 767 4082 s
780 4045 928 4107 Abolitione]
942 4041 1079 4108 Ἀμιηστίᾳ.
1096 4041 1248 4096 ‘oblivionis

156 4127 222 4178 citis
237 4127 334 4177 uxoris.
373 4128 478 4192 Quippe
500 4141 557 4176 cum
576 4141 683 4177 uxorem
722 4121 800 4188 lege.¹

156 4209 249 4253 nectos
260 4209 329 4253 esset
338 4203 429 4254 Ulixes
446 4202 613 4253 castissimam
631 4201 682 4251 Pe·
