3000 4882
487 365 713 416 enerrauuu
736 369 859 417 aerro.
1100 345 1104 353 ’
1151 364 1216 428 785

120 495 240 568 linior·
260 507 292 566 et
314 522 393 568 mox
408 524 484 568 cum
499 507 575 589 ipso
590 514 725 573 auctore
748 491 912 577 beneficii.
946 513 1049 580 :noca
1068 517 1153 583 inter
1177 538 1215 584 ee

145 605 260 683 istaut,
276 611 357 671 vota
372 609 591 674 consentiunt.
635 611 690 674 35.
714 611 809 676 Unus
833 613 868 676 in
893 633 950 680 ore
966 617 1115 684 omnium
1130 619 1215 688 Grae

119 707 246 784 tienne,
259 713 426 789 potestate
441 708 636 792 Imperator,
659 713 780 777 virtute
796 715 912 792 victor,
931 715 1103 801 Augustus
1118 741 1215 786 sanc·

119 807 236 885 tituto,2
255 807 415 873 Pontifex
431 811 616 894 religione,u
630 813 834 897 indulgentia
847 823 967 901 puter,v
981 826 1077 885 eetute
1092 821 1216 900 filius,W

119 909 243 991 pietate
258 916 456 992 utrumque!
484 913 538 978 36.
555 913 634 978 Νοιι
648 935 788 998 possum
803 918 882 982 fidei
897 938 1003 984 causa
1017 925 1215 988 ostendere*
1254 906 1259 912 ¹

118 1011 280 1094 imagines
293 1011 458 1095 majorum
473 1035 632 1094 meorum,
648 1024 688 1081 ut
703 1019 751 1083 ait
766 1020 858 1102 apud
871 1022 1086 1086 Sauustiumr
1108 1024 1215 1090 Meri-

119 1131 181 1176 us:
195 1115 265 1175 ‘nec
280 1112 460 1179 deductum
484 1116 528 1180 ab
553 1116 724 1184 Heroibus
739 1140 855 1202 genus,
882 1122 924 1186 ad
949 1123 1098 1190 Deorum
1113 1133 1214 1192 stem·

117 1362 219 1440 celebrat
228 1361 340 1425 diemque
350 1363 411 1413 iniri
423 1359 574 1416 Conuiuium
584 1381 678 1419 munere
686 1371 847 1434 Imperatoris,
857 1386 885 1421 ne
895 1374 977 1421 rtatim
987 1381 1039 1422 rum
1050 1375 1101 1438 ipro
1112 1373 1215 1426 rnuneris'

118 1428 242 1488 largitore.
273 1427 501 1479 interemptorum
511 1447 526 1480 ιι
536 1446 561 1480 ae
571 1433 686 1490 invicem
703 1441 728 1484 ot
746 1436 863 1486 desideria
878 1439 980 1486 omniurn
996 1441 1132 1489 conomiunt
1151 1443 1215 1490 inter

118 1505 151 1566 se.
188 1491 252 1540 Unur
263 1491 512 1568 Gratianueuersutur
521 1496 547 1544 in
557 1511 597 1544 ore
612 1503 754 1556 cunctorum.
765 1501 897 1562 Imperator
906 1503 1022 1564 potentia,
1033 1504 1215 1563 uictorsortitu·

119 1557 183 1614 dine,
194 1554 461 1632 Augueterasonetrtute,
474 1559 589 1618 Pontifex
604 1563 725 1624 religione,
739 1578 824 1626 perena
842 1564 996 1626 benignitate,
1005 1567 1213 1629 fitiusjnoentute,

117 1625 240 1682 utrumque
249 1625 356 1670 eantare.
389 1623 446 1670 Non
454 1637 547 1684 possum
556 1623 694 1675 ortenteree
739 1629 878 1677 'esnaemm
890 1630 1007 1690 Mqiorum
1018 1632 1128 1694 adsedem
1135 1638 1214 1682 nstru-

118 1685 201 1732 endnm
212 1684 269 1734 meis
283 1685 365 1748 dietis,
381 1691 407 1734 ut
424 1686 484 1736 dicit
498 1683 595 1738 Moriere
609 1691 671 1753 spurt
753 1692 833 1756 etium,
851 1707 924 1756 neque
941 1692 1032 1752 referre
1042 1697 1072 1742 ud
1080 1697 1214 1758 promtum

615 1904 722 1968 ΝΟΜ

117 2067 326 2128 riautlrielibri3
344 2067 386 2118 nlii
402 2067 470 2117 euim
487 2069 584 2126 domun·
603 2068 647 2118 ulii
688 2070 785 2134 origiue
808 2071 888 2135 verbi,
912 2074 947 2122 Et
967 2073 1145 2138 quodcumque
1167 2089 1213 2124 sua

117 2148 220 2206 demum,
231 2143 301 2191 unde
319 2149 408 2206 posset
423 2142 480 2191 fieri
497 2146 590 2205 donum,
603 2145 646 2194 alii
687 2147 792 2212 Jupiter
803 2155 881 2213 auget
892 2150 958 2212 ope!

110 2217 409 2284 fluminumliisutminis.
428 2218 537 2267 Vinetus
550 2226 646 2268 utrum·
719 2231 731 2254 ¹¹
747 2224 865 2284 Pontifex
880 2225 1011 2288 religione]
1036 2225 1136 2274 Nomen
1163 2226 1213 2276 boe

117 2311 169 2360 que
192 2295 296 2344 tolerari
322 2309 397 2357 posse
427 2300 517 2356 putat:
535 2295 648 2360 fluminis
686 2300 801 2363 honoris,
829 2300 1031 2364 Imperatoribus
1057 2317 1073 2348 a
1102 2301 1214 2364 Pagauia
1256 2307 1270 2330 ⁸

118 2371 233 2437 quidem,
250 2372 312 2436 quie
328 2371 486 2420 Alexandria
498 2371 530 2420 ad
541 2387 620 2422 uuum
632 2388 647 2424 e
688 2375 821 2438 tributum,
835 2377 919 2425 secuti
937 2375 1120 2439 Imperatores,
1134 2389 1213 2440 quan·

117 2449 173 2499 Nili
189 2448 261 2497 ostiis
280 2449 330 2496 sita
346 2457 394 2510 eet,
411 2449 478 2511 quod
497 2463 543 2511 per
564 2449 646 2500 Auto-
689 2465 764 2514 quam
786 2451 937 2512 Christiani,
954 2466 969 2500 ιι
986 2451 1037 2500 auls
1056 2451 1139 2500 titulis
1161 2465 1214 2500 non
1284 2455 1285 2460 ’

117 2524 257 2572 numeriam
263 2523 356 2587 flumen
375 2523 426 2573 dici
445 2530 542 2587 potest,
561 2529 647 2576 cume
688 2527 865 2576 removebant.
899 2528 940 2576 De
960 2527 1086 2577 Gratiano
1106 2528 1212 2590 inserip-

117 2599 646 2652 maximiasitorbisterrarumfluruinibns:
689 2601 725 2652 tio
743 2609 817 2652 vetus
837 2617 853 2651 a
870 2602 965 2651 Vineto
983 2603 1079 2650 relata:
1095 2603 1213 2652 inautus

111 2675 224 2735 fulminis
242 2689 313 2737 vero,
332 2675 402 2738 quod
417 2675 647 2728 uuiePtotemaeis
686 2690 853 2727 enarrarre.
878 2691 947 2727 ersa.
967 2691 1059 2726 runrx.
1079 2690 1212 2727 nunnus

119 2751 284 2801 Alexandriae
300 2757 328 2799 et
341 2750 447 2814 AEgypti
464 2752 567 2815 regibus
587 2767 646 2816 cog·
687 2765 797 2801 vrcron.
813 2765 857 2802 ac.
868 2763 1083 2801 rntvmeunron.
1101 2762 1213 2802 seuere

118 2842 213 2877 nomen
224 2827 274 2877 fuit
289 2825 412 2892 repente,
424 2829 454 2878 'id
473 2835 522 2891 est,
540 2827 646 2878 fulmen.
687 2838 1134 2877 averanus-rorrrrrrx.uraxrarvs.
1145 2841 1214 2876 eerr-

117 2905 170 2954 Sed
190 2905 238 2954 bue
258 2905 396 2968 posterius,
413 2910 442 2954 ut
459 2904 561 2968 longius
581 2905 647 2969 peti·
688 2913 821 2951 maurcvs.
849 2914 987 2952 maxumus.
1013 2915 1211 2953 sunmaurrrcvs

118 2988 184 3042 tum,
194 2981 285 3030 merito
298 2969 566 3044 aspernatur'uotttus.
688 2987 829 3025 sruxrnrs.
841 2980 1000 3026 ralucrcrs.
1013 2988 1151 3026 maxruvs.
1163 2991 1213 3028 eo·

151 3067 165 3091 ·’
177 3058 225 3108 Sed
238 3059 332 3109 Treuiri
340 3057 456 3121 principia
465 3055 586 3121 beneficio]
603 3056 647 3106 In·
688 3063 800 3102 rnrcvs.
812 3064 951 3101 unxrrnvs.
962 3065 1154 3103 remoremur.
1165 3065 1213 3100 ro·

118 3135 176 3184 nuit
196 3133 264 3197 apud
280 3134 448 3182 Trevirorum
467 3132 558 3181 urbem
589 3146 649 3196 non,
686 3139 971 3177 turbulentarum.
1052 3147 1065 3176 ι

118 3217 181 3269 ante
192 3224 219 3259 ae
231 3209 378 3271 Consulem,
394 3207 554 3257 celebratum
569 3207 647 3258 fuisse
719 3211 731 3236 '
746 3203 833 3266 Pater]
851 3205 1015 3267 Populorum.

118 3286 187 3337 diem
198 3287 269 3334 illum
279 3277 428 3335 consulatui
441 3283 552 3332 ineundo
563 3283 646 3332 solen·
718 3280 734 3313 l
745 3281 914 3345 AEtutejr'lius]
930 3282 1050 3331 Necdum
1062 3282 1211 3334 vicerinturn

117 3377 178 3412 nem
197 3359 373 3410 Kalendarum
390 3360 497 3411 ianuar.
530 3359 646 3408 Treviris
688 3371 781 3407 annum
792 3355 931 3406 Gratianus
943 3351 1076 3420 attigerat.
1194 3353 1197 3360 '

118 3453 180 3488 vero
193 3438 358 3487 Consulatum
376 3435 478 3485 inivisse
495 3434 647 3498 Ausonium,
701 3441 732 3504 ¹⁸
760 3435 853 3482 Pietate
873 3433 1008 3494 anumque]
1031 3433 1067 3481 Et
1088 3439 1163 3497 pater
1185 3439 1213 3483 et
1238 3441 1243 3449 ‘

119 3530 177 3565 euru
189 3529 222 3563 ex
233 3514 282 3564 hoc
293 3514 350 3561 loeo
362 3517 445 3576 patet,
465 3518 519 3559 turn
537 3509 603 3560 infre
620 3511 647 3559 in
686 3505 763 3559 filius.
803 3508 857 3560 Jul.
880 3508 1041 3572 Capitolinus
1063 3509 1096 3557 de
1121 3510 1213 3558 Marco

117 3590 169 3639 fine
189 3589 264 3652 hujus
285 3587 432 3637 Gratiarum
452 3584 580 3648 Actionis,
603 3585 646 3634 nbi
688 3584 818 3634 Antonino
837 3583 1007 3646 Pbitosopbe:
1025 3584 1034 3612 ‘
1051 3584 1212 3647 Contigitur

115 3666 293 3718 recolentem
311 3662 440 3723 Gratiani,
456 3661 490 3710 nd
509 3675 536 3711 se
552 3663 647 3711 Consu·
686 3662 712 3712 in
728 3674 814 3710 umore
829 3660 940 3708 omnium
957 3660 1117 3722 imperasset,
1132 3667 1213 3722 etque

117 3744 170 3792 lem
183 3739 326 3801 visendum,
343 3738 394 3786 iter
405 3738 539 3787 describit.
687 3738 720 3788 ab
740 3738 807 3800 aliis,
824 3736 900 3785 modo
918 3735 1010 3795 frater,
1028 3733 1115 3798 modo·
1128 3741 1210 3796 pater,

152 3816 291 3878 ‘Augmtns
301 3815 437 3876 sanctitate]
449 3814 647 3870 Graecisosfler-
687 3813 763 3862 modo
782 3813 857 3875 fitius,
873 3811 1042 3874 ut‘eujusque
1060 3816 1123 3858 oetas
1145 3809 1212 3857 sine·

117 3892 169 3953 ris,
196 3891 339 3954 Augustus,
359 3896 448 3938 sancte
477 3887 658 3938 venerandus.‘
688 3889 742 3952 bat,
752 3895 780 3938 et
791 3888 931 3947 diceretur,
943 3890 970 3934 et
979 3884 1127 3943 amaretur(
1139 3887 1187 3933 &e

120 3970 200 4021 ovid.
220 3971 291 4019 Post.
309 3982 329 4018 1.
355 3969 577 4018 ‘Sanetavocaut
594 3966 647 4013 Au·
688 4019 690 4028 Α
718 3964 816 4027 rupae
826 3959 974 4022 Sallustium]
991 3960 1022 4008 Iu
1034 3959 1067 4008 de
1084 3959 1151 4008 bello
1163 3959 1211 4010 Ju-

119 4051 196 4109 gusta
228 4051 331 4108 patres:
370 4042 489 4106 Auguste
523 4047 647 4092 vocentur
687 4040 817 4104 gurtbiuo,
833 4037 876 4086 ubi
896 4051 946 4086 nou
963 4037 1083 4084 ostendere
1109 4035 1156 4083 sed
1174 4051 1211 4084 es-

116 4124 225 4185 Templa
240 4120 410 4171 sacerdotnm
425 4121 476 4168 rite
488 4119 574 4168 dicata
593 4133 646 4168 ma.
686 4119 777 4166 terrim
795 4113 898 4175 legitur,
916 4111 943 4158 ln
962 4110 1079 4158 oratione
1090 4107 1211 4158 Muriiad

119 4212 163 4247 nu.
197 4197 281 4260 HuJus
301 4202 328 4245 et
350 4196 493 4258 Augurium
515 4193 647 4258 dependet
687 4190 790 4254 plebem
801 4189 947 4237 Romanam.

185 4277 272 4340 Detpb.
281 4281 304 4326 et
316 4275 373 4326 Vur.
386 4277 450 4325 ctos.
621 4277 710 4324 Aeson.
1085 4268 1100 4314 8
1121 4261 1144 4312 D
