3016 4894
281 379 347 446 ott
748 394 904 444 nnsortrr

283 538 452 606 llatronae
466 556 543 622 quae
558 556 656 602 sacra
669 538 786 603 nolant
799 558 860 622 pro
873 537 975 603 laude
989 539 1149 620 virorum,

325 641 491 706 Mavortis
501 640 601 723 primi
615 659 689 704 oum
703 639 830 703 rediere
844 639 931 706 dies.

282 742 384 808 Festa
398 739 590 826 Caprotinis
604 742 797 804 memorabo
812 741 956 804 celebria
968 741 1094 817 Nonis,

325 841 410 908 Cum
423 843 516 907 stola
528 843 686 907 matronis
702 843 815 906 deusta
829 849 920 922 teget
933 841 1090 906 famulae.
1330 843 1380 926 1⁰.

282 943 436 1024 Qnatuor
449 945 508 1008 illa
519 944 619 1009 etium
634 943 790 1008 &scretis
804 943 954 1027 partibus
968 943 1047 1006 anni

323 1043 486 1121 Solstitia,
500 1049 533 1108 et
546 1043 640 1108 luces
653 1050 750 1108 nocte
764 1043 885 1125 dieque
901 1061 1011 1124 pares.

281 1143 358 1210 Neo
372 1142 598 1224 Regifugium,
613 1143 723 1225 pulsis
737 1162 782 1206 ex
795 1143 874 1206 urbe
889 1144 1048 1225 tyrannis,

322 1245 457 1310 Laetum
471 1243 635 1309 &manis
646 1243 698 1306 fan
712 1243 848 1307 reticere
861 1241 962 1305 diem.

280 1346 389 1412 Visne
404 1344 490 1428 Opis
505 1350 581 1408 ante
596 1363 740 1421 sacrum,
754 1344 809 1408 vel
825 1343 1014 1408 Saturnalia
1029 1343 1153 1420 dicam,
1327 1348 1375 1409 15

322 1445 492 1529 Festaque
507 1463 686 1521 seruorum,
700 1463 776 1508 oum
788 1443 988 1509 famulantur
999 1444 1092 1509 berit

273 1631 341 1693 setta
357 1635 471 1682 matrum
486 1629 627 1680 eelebrent
616 1643 642 1678 se
658 1629 767 1679 morene
786 1627 912 1690 ωιύιμιι
932 1644 1036 1692 nm,
1053 1643 1106 1677 ean
1123 1629 1197 1692 print
1216 1631 1267 1678 dier
1283 1631 1374 1679 meir

278 1696 368 1746 Motu
377 1699 535 1746 narrant.
568 1693 656 1743 Dicunt
671 1691 739 1753 serto
753 1694 859 1742 toleratu
872 1695 950 1742 Nonis
968 1694 1112 1756 Caprotinis,
1119 1695 1211 1756 qnando
1220 1696 1281 1744 ιιοΙι
1290 1695 1373 1744 adlato

277 1759 394 1810 matronis
414 1759 503 1821 operiet
520 1759 626 1808 ιιιισίΙΙιιι.
659 1757 746 1806 Diem
766 1772 855 1820 quoqne
873 1758 917 1806 illu
934 1763 1035 1820 qantm
1055 1757 1170 1806 mtnbitin
1192 1763 1296 1821 tempora
1316 1774 1371 1821 qsoe

279 1822 609 1884 direriruinnstmipurter,
616 1821 819 1882 nltitinsesrpe,
828 1821 1007 1883 ιιωφιίιιειίι.
1040 1822 1069 1869 Ν
1067 1823 1372 1884 use-mauman

275 1887 405 1950 ῃῖιςίιιι,
416 1884 1050 1948 dirnjsmdmliomir,qsorcilieettymniq
1044 1885 1374 1938 onustatur-bellunm.

281 1947 736 2016 Vmeprtnmnorenserrmopn,
746 1947 937 2005 mnemon,
946 1947 1136 2012 manseres
1149 1963 1269 1999 morus
1270 1951 1372 2012 ,quibu

308 2197 339 2243 lt
355 2194 439 2245 Vetus
449 2192 516 2244 lrber
526 2193 656 2244 babebat
676 2193 781 2257 ruore
790 2199 981 2244 meum.
1013 2193 1166 2257 suspicatur
1176 2191 1304 2254 Seabger
1327 2192 1371 2242 Vis

277 2257 338 2321 Opia
352 2263 407 2307 unte
421 2271 522 2307 mmm.
555 2258 622 2308 ‘Vir
636 2263 660 2306 et
672 2258 747 2320 Opnle
756 2259 860 2320 weram]
878 2260 957 2308 Erat
950 2273 976 2306 ιιι
988 2258 1144 2345 exemplari:
1166 2257 1238 2306 Vim
1248 2271 1291 2320 ope
1300 2263 1370 2306 ruste

274 2335 376 2373 ιιιιιιιι.
408 2320 607 2372 Restituendnm
619 2321 746 2372 arbitror
768 2322 841 2372 Vnae
852 2321 1092 2386 Opuntem!
1107 2321 1227 2370 Vinetns.

764 2463 872 2516 NO'l'AE

274 2563 344 2608 nete
364 2555 397 2606 ab
413 2556 477 2606 urbe
493 2555 519 2605 in
545 2569 633 2607 neurus
653 2556 798 2620 Aricinum,
839 2560 944 2624 paruit,’
952 2563 1003 2610 tre.
1015 2562 1113 2612 Narrat
1120 2559 1214 2611 deinde
1224 2572 1275 2622 quo
1286 2563 1366 2620 paeto

274 2633 318 2682 ubl
337 2631 424 2682 Diana
443 2631 635 2694 religiosissime
654 2634 798 2695 colebatur,
838 2643 898 2698 port
919 2636 1037 2686 sedatum
1065 2636 1193 2686 Gallicum
1218 2633 1366 2692 tumultum,

273 2705 395 2758 ardentes
409 2705 481 2756 faces
499 2705 628 2757 ferebant.
661 2709 699 2758 Ut
717 2715 744 2758 et
754 2723 798 2757 re·
839 2709 1008 2760 Fidenatibus
1027 2699 1139 2775 ru'perbe
1165 2707 1329 2774 poscentibus
1350 2723 1367 2756 a

273 2789 385 2845 natores,
396 2783 441 2847 qui
453 2795 531 2833 canes
543 2798 645 2847 quoque
664 2798 721 2833 suos
733 2798 798 2832 mor·
837 2785 934 2834 Senatu
945 2787 1069 2848 Romano,
1077 2786 1232 2835 utsiltoma
1242 2783 1365 2847 reliquias

272 2858 305 2908 bo
316 2863 359 2908 ant
368 2857 455 2907 scabie
462 2854 579 2920 affectos,
589 2856 678 2906 iut'ulis
690 2858 797 2919 velatos,
838 2861 923 2909 salvas
932 2862 1040 2922 vellent,
1050 2858 1266 2910 matresfamilias
1276 2871 1365 2907 omues

273 2934 339 2984 Deae
350 2932 488 2995 sistebant,
505 2946 631 2997 omneque
642 2933 796 2983 instrumen·
837 2942 865 2984 et
884 2936 995 2999 virgines
1018 2936 1067 2986 sibi
1091 2935 1227 2995 dederent,
1253 2933 1364 2992 ancillis,

272 3015 325 3060 tutu
337 3016 489 3059 venatorum
497 3006 797 3069 anteeamcollocabnnt,
836 3011 902 3061 duee
912 3011 1023 3076 quadam
1033 3013 1135 3074 Tutela,
1145 3025 1191 3060 seu
1209 3008 1306 3059 Pbiloti
1317 3023 1364 3056 uo·

271 3091 300 3135 ut
319 3099 352 3136 ax
369 3083 520 3147 Propertio,
532 3084 639 3145 Ouidio,
655 3089 684 3132 et
701 3083 795 3133 Oratio
835 3086 913 3149 ruine,
925 3086 1053 3136 adhorret
1064 3081 1363 3149 promatribusfamiliar

270 3159 354 3225 poitis
369 3158 593 3221 probrtltosinus.
836 3160 997 3221 transierint,
1017 3160 1111 3224 lisque,
1137 3158 1199 3208 testi
1227 3156 1362 3220 eujusdam

301 3233 454 3283 ’lMotroua
470 3247 522 3296 pne
544 3248 612 3282 mern
638 3233 723 3295 court,
741 3235 796 3298 tu]
836 3234 953 3292 obtentu,
965 3237 1023 3284 rino
1035 3234 1256 3298 sepultis,rignnm
1269 3233 1364 3282 Rotun-

269 3307 426 3358 Mstronalia
454 3308 518 3357 Kal.
538 3307 640 3357 Martiis
668 3307 794 3358 celebrari
835 3310 874 3358 nir
884 3325 918 3359 ex
936 3307 1060 3373 caprifico
1078 3309 1169 3359 eastris
1186 3307 1305 3371 proxima
1316 3307 1361 3356 de·

269 3381 356 3434 solita.
391 3383 433 3434 De
454 3383 545 3448 qulbus
567 3382 627 3434 ride
649 3383 727 3433 Ovid.
749 3382 793 3432 lib.
834 3386 931 3450 derint,
949 3386 981 3435 ad
994 3385 1111 3449 quodilli
1128 3383 1361 3448 repentinaiueur·

270 3473 315 3511 ιιι.
326 3460 398 3511 Fert.
833 3461 905 3510 sione
921 3460 1069 3511 interiectis
1081 3457 1260 3521 Fidenatibus,
1280 3459 1361 3508 auell-

300 3535 408 3584 tiFertn
430 3535 571 3599 Caprotinis,
595 3535 649 3600 tra]
675 3535 792 3586 Marrob.
833 3536 870 3584 lar
887 3537 1097 3598 manumiserunt,
1108 3541 1135 3585 et
1151 3534 1238 3583 dotem
1248 3534 1360 3595 assigna·

267 3608 314 3660 lib.
322 3622 342 3660 ι.
354 3609 482 3660 ΙιιιιιιιιιΙ.
494 3625 552 3674 cap.
563 3615 603 3660 11.
633 3609 734 3660 ‘Nonis
744 3612 792 3664 Ju-
831 3618 892 3661 rnnt
903 3612 965 3674 ipsis
983 3611 1015 3660 de
1027 3611 1142 3674 publico,
1156 3610 1298 3673 Nouasque
1309 3613 1359 3659 ca·

267 3683 387 3735 illsdlsru
398 3683 492 3735 festum
507 3699 564 3734 esse
576 3684 726 3736 ancillarum
737 3691 791 3736 taur
831 3685 946 3749 protinas
972 3685 997 3736 in
1016 3685 1082 3736 faeti
1105 3683 1254 3735 memoriam
1269 3696 1359 3734 eonse-

267 3758 345 3825 vuigo
365 3765 454 3811 notum
472 3767 522 3825 ast,
541 3767 570 3811 ut
583 3775 631 3811 uec
649 3762 721 3824 oripo
741 3775 790 3814 nee
830 3768 944 3810 orarunt.

266 3850 345 3888 canta
355 3836 516 3887 eelebrltatir
528 3836 616 3900 ignota
627 3837 670 3887 rit.
693 3837 791 3888 Junoni
864 3839 894 3885 rt
912 3835 1081 3898 Regifugium]
1100 3834 1207 3884 Festus:
1228 3834 1357 3898 ‘Regifu-

266 3913 334 3963 anlru
346 3911 493 3975 Caprotina
505 3912 548 3962 die
559 3911 603 3961 iilo
621 3911 709 3962 liberas
721 3913 790 3976 pari·
830 3909 899 3974 glum
916 3925 1018 3960 sacrum
1030 3911 1225 3974 dicebantque
1237 3909 1281 3959 dis
1296 3911 1355 3961 Rex

265 3991 307 4036 ter
318 3985 470 4050 aueltlaeque
482 3984 630 4038 raerlfleant
640 3984 789 4036 enbarbore
828 3985 986 4048 Tarquinius
1004 3984 1102 4049 fugerit
1119 4000 1134 4032 e
1149 3984 1247 4033 Roma!
1280 3985 1355 4035 Cela·

265 4061 397 4124 caprifico,
408 4061 433 4110 lu
451 4059 598 4110 memoriam
609 4059 727 4122 benignu
738 4060 789 4109 vir·
828 4057 950 4108 brabatur
968 4060 1011 4109 die
1029 4059 1163 4110 Februarii
1175 4063 1216 4111 ιι.
1234 4059 1279 4125 qui
1297 4066 1356 4110 erat

265 4136 338 4198 tntis,
355 4151 412 4202 qna
430 4137 456 4187 iu
468 4135 618 4187 ancillarum
630 4135 719 4183 animis
743 4149 789 4199 pro
828 4147 868 4182 rr.
880 4134 939 4201 llil.
951 4136 1033 4186 Mart.
1046 4137 1088 4185 De
1107 4136 1156 4188 boe
1167 4135 1248 4186 Ouid.
1265 4135 1353 4186 lib.rr.
1424 4191 1429 4204 ,
1501 4163 1502 4172 1

264 4211 457 4262 oourervationa
475 4210 587 4276 publiea
605 4210 789 4276 diguitatisap·
828 4210 900 4262 Fert.
920 4209 1211 4292 ‘Nunenrihidiesnda
1221 4211 1353 4276 estltegir
