3000 4882
562 417 758 494 EPISTOLAE.

112 555 174 618 Bis
190 560 311 632 ternos,
334 562 369 622 et
383 563 433 621 ter
446 558 616 642 binosqui
631 559 775 638 conserit
791 579 890 624 unus:

155 654 225 733 Qui
239 657 330 720 solus
346 658 482 722 totidem
497 661 742 741 congeminatus
755 660 865 737 babet,

112 755 208 833 Quot
220 754 345 823 faciunt
358 759 468 843 juncti
484 761 657 842 subterque
672 778 839 842 supraque
853 758 967 835 locati,

155 855 225 934 Qui
239 867 411 924 numerant
424 858 578 942 Hyadas,
600 859 827 941 Pleiadasque
840 859 950 923 simul.

373 973 397 1015 a
481 974 502 1016 a
588 973 608 1016 e
695 971 716 1014 a

153 1055 273 1122 Ursule
289 1059 416 1140 collega
428 1059 549 1122 nobilis
565 1059 760 1136 Harmonia,
840 1141 843 1152 Ι
1151 1061 1195 1125 25

109 1157 307 1237 Harmonio,
324 1178 423 1241 quem
438 1159 612 1234 Claranus,
629 1180 725 1242 quem
742 1162 898 1238 Scaurus,
912 1164 946 1224 et
960 1159 1080 1243 Asper,

154 1257 265 1336 Quem
279 1260 344 1324 sibi
358 1258 520 1325 conferret
533 1261 651 1339 Varro,
667 1263 822 1345 priorque
837 1261 962 1339 Grates,

104 1442 247 1502 producunt,
255 1442 296 1503 qai
309 1455 417 1491 summas
426 1444 489 1490 eolus
498 1443 613 1491 annectit
624 1443 661 1491 bie
670 1448 726 1504 tres,
737 1449 808 1493 atter
823 1446 895 1493 daos:
910 1444 949 1506 qui
966 1458 1024 1492 saus
1034 1457 1141 1492 ammas
1151 1443 1193 1490 du·

103 1505 208 1566 plicatae
224 1506 325 1554 certmst
340 1506 437 1554 totidem
455 1508 629 1568 usitatae,qaot
647 1508 737 1555 aaraeri
752 1509 824 1568 qrositi
842 1507 906 1566 iqfra
916 1514 939 1556 et
958 1521 1029 1570 supra
1046 1522 1098 1556 eura
1115 1505 1192 1556 additi

107 1570 179 1615 simut
188 1568 343 1632 efficiuntque*
350 1569 443 1632 quidem
452 1571 542 1618 amri
551 1576 672 1618 summast
680 1571 781 1634 Hyadas
789 1572 1003 1631 anamodus.
1037 1569 1052 1598 '
1084 1570 1100 1599 ⁸
1131 1570 1147 1599 ⁸
1178 1568 1194 1597 ⁸

111 1631 195 1680 Ursule
213 1633 298 1696 inelyte
309 1632 443 1682 Harmonia
456 1634 544 1694 collega
563 1637 612 1693 tuo,
625 1633 754 1682 Harmonia
772 1632 889 1697 (inquam)
906 1650 973 1696 ριιειιι
991 1636 1113 1696 Claram,
1127 1647 1196 1697 quem

108 1694 221 1758 Smaras,
229 1700 252 1744 et
267 1696 354 1758 Asper,
364 1711 429 1759 quem
443 1695 526 1760 Varro,
543 1702 567 1745 et
580 1697 665 1745 Crates
681 1697 732 1760 ipso
742 1697 861 1760 antiquior
871 1712 947 1748 seram
957 1703 1110 1761 compararet,
1120 1702 1143 1746 et
1154 1697 1194 1750 tib

564 1855 740 1883 ennecone,

106 1958 220 2008 ¹lollius:
236 1959 346 2016 rameru,
362 1975 546 2023 processeras:
562 1967 590 2010 et
606 1961 643 2010 sic
662 1959 738 2009 babet
757 1960 800 2009 ed.
819 1959 978 2023 velpa—21
995 1961 1039 2009 lta
1049 1958 1196 2008 emendavit

107 2023 214 2084 Tollius,
231 2037 289 2087 pro,
305 2025 360 2087 qaia
370 2039 432 2074 eoae.
444 2023 488 2088 qui
500 2038 559 2074 mox
571 2024 638 2074 tollit
648 2023 741 2074 esaeias
751 2023 904 2086 ὑποστιγμὴν,
921 2031 948 2074 et
958 2023 1061 2087 reponit
1072 2024 1194 2072 leviorem

598 2169 703 2220 Noun
725 2138 728 2144 ’

141 2267 174 2312 19
191 2263 254 2318 Quot
272 2263 341 2313 telios
357 2264 455 2327 primas,
475 2265 527 2328 tra]
542 2262 634 2314 Τέλειος
673 2264 785 2330 quinque
807 2264 840 2314 ab
867 2265 983 2316 Hesiodo
1009 2271 1197 2330 enumerantur,

108 2338 202 2400 tipasam
212 2336 343 2401 perfectus
353 2353 482 2402 numerus,
499 2347 529 2388 ut
542 2339 634 2390 definit
674 2346 741 2389 teste
751 2341 856 2389 Theona
873 2340 899 2389 in
911 2339 987 2390 Arati
1006 2341 1196 2390 Pbaenomene:

108 2414 239 2477 Euclides,
255 2421 295 2464 est
314 2415 367 2477 ille,
384 2417 425 2480 qni
447 2417 562 2465 omnibus
582 2418 634 2467 suis
673 2412 786 2477 Φαισύλη,
810 2413 851 2473 ἡδὲ
872 2415 979 2479 Κορωνὶς,
1003 2415 1144 2479 lundonam
1169 2434 1197 2465 τε

107 2489 224 2554 partibus
244 2490 364 2554 aliquotls
383 2491 488 2554 aequalis
506 2498 555 2541 est.
582 2493 634 2543 Qui
674 2489 768 2552 Kadara,
783 2490 878 2540 §aad
901 2491 1035 2556 ἱμερόεσσα,
1050 2491 1089 2540 ael
1106 2490 1197 2556 Εὒδῶρη

107 2561 220 2626 perfecti
230 2565 328 2614 numeri
339 2564 391 2613 sint
400 2565 527 2629 quomodo
535 2566 633 2617 inveni·
672 2565 827 2617 ambrerias.
843 2568 989 2631 ‘Plraesule,
999 2575 1028 2617 et
1039 2567 1154 2628 Coronis,
1166 2559 1195 2617 et

108 2644 177 2701 atur,
195 2637 264 2688 disce
285 2653 318 2687 ex
340 2638 431 2689 ultime
457 2641 633 2704 propositione
674 2641 962 2706 benecoronatecleia,
980 2644 1014 2692 Et
1030 2642 1110 2691 Phaec
1127 2656 1196 2692 ama·

108 2711 153 2762 lib.
170 2725 211 2763 rx.
232 2712 358 2762 Element.
379 2713 501 2776 ejusdem.
534 2716 633 2766 Horum
674 2714 742 2778 bilis,
758 2723 785 2766 et
798 2717 1013 2778 Eudoralongum
1027 2716 1124 2765 habens
1143 2730 1196 2764 ves-

107 2787 295 2851 porroprimus
311 2787 357 2852 (de
374 2803 424 2852 quo
443 2788 634 2854 lricAusonius)
673 2789 744 2839 tem!
779 2790 834 2839 Has
845 2789 950 2855 Hyadas
960 2791 1052 2841 Latine
1063 2799 1198 2842 verterunt
1229 2831 1233 2842 ,

109 2872 151 2913 est
162 2863 277 2912 senarius
288 2863 410 2927 aliquotis
419 2865 471 2914 suis
483 2865 599 2930 partibus
611 2871 634 2915 1.
675 2871 775 2914 veteres
796 2865 946 2927 scriptores,
970 2865 1086 2927 Suculae,
1104 2879 1198 2922 acmen

108 2937 351 2986 aestuaremus
363 2939 476 3003 equalis.
497 2941 635 2989 ‘Tellus’a
674 2953 760 2988 earum
772 2954 786 2987 a
798 2953 859 2988 voce
870 2937 895 2988 bs
906 2954 949 2989 sus
959 2939 1125 3001 deducentes,
1138 2955 1197 2994 cum

108 3012 542 3078 elaewrmediabrevilrlcponitur
556 3017 634 3065 licen·
675 3012 707 3063 ab
728 3012 759 3060 lla
781 3013 841 3076 pluo
861 3019 930 3062 esset
955 3012 1143 3076 deducendum,
1169 3020 1198 3063 st

109 3090 149 3138 tis
160 3085 274 3136 Ausonio
284 3088 347 3136 sutis
361 3086 490 3138 familiari.
522 3090 565 3139 Sic
583 3091 635 3153 prl·
673 3089 764 3150 pluuias
775 3087 1005 3151 interpretandum.
1193 3095 1195 3100 '

108 3177 179 3212 raanr
198 3162 268 3212 vocis
288 3163 422 3212 ‘Phidiae’
440 3164 548 3227 corripit
563 3165 636 3228 Epig.
707 3161 872 3225 Pleiadasque]
890 3163 939 3212 fle
954 3161 1036 3210 stellae
1047 3167 1145 3224 septem
1164 3162 1197 3213 ab

109 3251 167 3287 xrr.
187 3252 245 3287 cum
267 3237 359 3288 Graece
381 3237 509 3287 scribatur
534 3253 582 3301 per
605 3258 634 3302 er,
673 3238 755 3288 Arato
774 3238 799 3286 in
810 3237 986 3287 Phaenomenis
1003 3242 1196 3285 enumerentur:

108 3312 208 3362 Φειδίας.
312 3315 316 3322 ’
673 3313 797 3374 Ἀλκυόνη,
808 3312 902 3377 Μερόπη
912 3331 949 3373 τε,
961 3310 1065 3360 Kabeira
1075 3311 1107 3372 r’,
1115 3309 1199 3360 Ἧλέκ·

141 3393 175 3438 2⁰
192 3387 255 3451 Pur]
272 3388 374 3437 Primus
385 3387 485 3439 scilicet
496 3388 619 3441 binarius.
673 3409 716 3454 τρη
732 3408 769 3452 τε,
787 3388 832 3437 Kal
850 3387 964 3451 Στερόπη,
978 3386 1017 3435 ael
1026 3385 1143 3449 Ταϋγέτη,
1159 3386 1206 3434 rel.

143 3463 239 3528 Impar]
254 3464 340 3513 Etiam
356 3465 459 3528 primus,
475 3479 566 3528 nempe
583 3473 633 3514 ter·
673 3465 835 3516 riwraldaia.
852 3465 996 3526 ‘Alcyone,
1004 3464 1033 3511 et
1041 3462 1160 3537 Merope,
1170 3470 1198 3512 et

109 3540 207 3588 narius.
343 3561 347 3572 ·
676 3540 788 3603 Celaeno,
805 3546 833 3588 et
852 3527 967 3600 Electra,
985 3538 1020 3587 Et
1033 3539 1152 3603 Sterope,
1168 3545 1197 3592 et

142 3614 298 3678 AEquipurat]
313 3614 531 3679 Multiplicatlune
541 3624 638 3682 mutus,
675 3617 800 3680 Taygete,
817 3622 846 3665 et
853 3614 997 3665 veneranda
1007 3614 1096 3664 Mala!

110 3699 140 3740 ut
152 3697 227 3753 putet
239 3703 271 3738 ea
282 3704 358 3738 versu
369 3693 495 3756 sequenti.
707 3697 738 3740 25
758 3690 864 3753 Collega]
881 3690 914 3739 ln
926 3704 1029 3740 munere
1040 3691 1157 3741 docendi.
1249 3689 1251 3696 '

142 3768 176 3814 22
195 3765 244 3820 Qui
253 3764 325 3826 roim]
341 3765 469 3816 Senarius.
707 3770 740 3814 26
757 3767 882 3828 Caranus]
900 3765 1090 3816 Grammaticus
1100 3765 1133 3814 de
1149 3779 1199 3829 quo

145 3840 341 3903 Coageraiaatus]
357 3841 447 3905 Sicque
458 3842 592 3892 dnodeclm
601 3843 637 3892 ef·
676 3841 803 3891 Martialis
812 3842 856 3890 lib.
867 3855 894 3889 x.
904 3839 980 3902 Epig.
988 3851 1049 3888 ιιι.
1060 3839 1198 3888 ‘Scribere

110 3915 212 3965 ticieus.
677 3920 713 3976 te,
731 3930 786 3978 quae
798 3916 841 3964 vix
853 3915 981 3976 intelligat
989 3915 1045 3978 ipse
1056 3915 1197 3976 Modestus,

143 3991 177 4036 23
193 3988 409 4052 Jaactieubterqae
423 4005 537 4054 supraque
555 3993 636 4056 iocati]
678 3990 713 4038 Et
729 3991 773 4038 vix
789 3989 921 4051 Claranus,
937 3989 1007 4052 quid,
1024 4002 1095 4052 rogo,
1111 3988 1199 4050 Sexte,

110 4061 261 4123 Quinctius,
277 4069 304 4112 et
315 4065 485 4129 septenarius,
501 4067 546 4129 qui
554 4069 638 4132 juncti
672 4064 773 4128 joruti’

111 4137 195 4187 etiam
206 4135 319 4188 efficiunt
330 4139 473 4190 duodecim.
710 4139 823 4200 Sceuae]
841 4139 914 4186 Duos
926 4138 1034 4186 Scauros
1046 4135 1200 4185 Grammati-

145 4214 180 4265 24
196 4212 308 4280 Hyadas]
333 4214 440 4267 Pluvias
462 4216 558 4281 stelles,
582 4223 638 4284 quae
679 4221 831 4277 cespatrern
842 4218 870 4262 et
881 4210 959 4262 tilium
971 4211 1146 4274 cognoscimus
1165 4225 1198 4263 ex
