3016 4894
577 350 776 402 EPlSTOLAE·

123 484 316 570 Culpabam
331 507 493 573 properos
508 490 648 558 adverso
663 494 796 562 flumine
811 517 942 565 cursus.

123 585 212 664 Quis
225 588 289 652 init
302 589 358 654 ille
370 589 463 656 diesi
484 611 551 656 non
566 612 671 658 annus
685 594 812 677 longior
826 600 882 664 ille
895 608 959 679 est,

122 687 241 758 Attica
255 709 355 773 quem
369 693 462 757 docti
477 695 614 776 collegit
628 715 708 760 onra
725 697 885 765 Metonis.

120 787 298 866 Desertus,
313 793 432 880 vacuis
447 795 600 877 solisque
616 815 778 860 exerceor
793 800 873 863 aris.

118 887 224 953 Nune
238 910 301 973 ego
313 893 475 974 pubentes
490 896 631 960 salicum
646 896 826 963 deverbero
838 899 991 967 frondes:

56 1013 60 1020 ⁴
119 990 320 1057 Gramineos
333 1013 420 1058 nnnc
434 995 549 1078 frango
564 1002 679 1062 toros:
701 999 892 1084 viridesque
906 1022 967 1086 per
980 1005 1076 1069 ulvas
1174 1007 1216 1070 15

117 1090 267 1156 Lubrica
281 1095 459 1160 substratis
473 1098 616 1178 vestigia
629 1097 712 1162 libro
728 1099 867 1182 lapillis.

118 1191 178 1256 Sic
193 1191 255 1256 lux
270 1195 378 1276 prima
392 1197 493 1262 abiit:
516 1200 566 1263 sie
583 1199 686 1264 altera
700 1207 788 1265 meta
802 1203 880 1266 diei.

116 1293 177 1358 Sic
191 1296 338 1376 geminas
353 1297 477 1362 alterna
490 1305 579 1364 rotat
593 1300 721 1382 vertigo
738 1303 902 1381 tenebras,

117 1395 178 1459 Sic
192 1395 299 1460 alias:
324 1402 478 1482 totusque
492 1399 573 1463 mibi
588 1400 639 1464 sio
655 1419 762 1465 annus
775 1403 895 1482 abibit,

117 1495 434 1563 Restituantdonee
449 1508 574 1565 tname
589 1502 737 1568 tibiiata
751 1515 933 1587 parentem.
1168 1510 1213 1576 20

114 1712 169 1760 nam
179 1727 272 1762 eorsum
282 1714 366 1763 selene
375 1714 468 1776 meigii
476 1714 548 1764 ninris
557 1715 716 1774 sidinsntern
725 1719 823 1767 sdnem
832 1733 909 1769 omns.
943 1718 1026 1776 Qualis
1035 1709 1095 1768 inibi
1103 1719 1157 1779 snit
1171 1721 1212 1772 ille

112 1773 188 1826 diesi
204 1777 249 1828 ille
259 1792 343 1837 onnus,
359 1793 426 1841 quern
441 1780 545 1829 studium
561 1783 649 1830 maddi
666 1783 771 1831 Metonis
787 1782 941 1832 Atheniensis
955 1785 1101 1846 sappensis,
1117 1791 1212 1834 nonest

112 1839 220 1902 bugin:
251 1843 305 1902 Ego
323 1843 455 1906 derelictos,
470 1859 564 1892 exerceo
580 1861 616 1892 me
629 1847 656 1894 is
678 1846 837 1909 crepidinibus
847 1848 955 1897 Mosella
970 1848 1089 1897 mesisti
1104 1849 1212 1899 deustis.

113 1904 188 1952 Modo
204 1920 248 1966 ego
263 1907 369 1968 percutio
378 1906 441 1964 solio
452 1909 591 1968 lanuginem
602 1909 714 1958 salicum:
729 1913 796 1958 modo
807 1925 887 1972 rumpo
898 1917 961 1960 leros
971 1911 1112 1961 beniamin:
1127 1917 1151 1961 el
1167 1928 1212 1988 per

111 1969 179 2018 sines
186 1969 290 2018 virentes
292 1970 347 2033 figo
355 1984 450 2031 gressus
457 1973 572 2034 lapsantes
579 1973 696 2033 lapidibus
705 1974 822 2034 sabjectis:
855 1975 910 2024 Hoc
919 1977 985 2024 ruodo
994 1975 1072 2037 prima
1080 1989 1138 2038 pars
1147 1977 1210 2025 desi:

111 2030 155 2080 doe
166 2035 232 2082 medo
248 2035 324 2082 alten
341 2035 391 2095 ejas
408 2049 465 2097 pars
482 2037 559 2098 elapso
575 2041 618 2084 est.
651 2036 707 2084 Hoc
723 2040 789 2086 nodo
799 2039 906 2088 slternsn
915 2038 1027 2087 menites
1037 2044 1153 2088 utranam
1162 2040 1210 2088 cir·

110 2098 216 2159 menegit
227 2101 284 2147 dnus
294 2104 381 2161 noctes,
396 2098 439 2147 loe
455 2101 520 2148 modo
537 2100 677 2160 ercomsgit
691 2099 769 2150 olins:
786 2106 810 2150 et
827 2101 914 2152 solidus
931 2116 1008 2152 annos
1018 2102 1060 2150 boe
1071 2103 1138 2151 modo
1149 2103 1208 2151 mibi

110 2161 224 2227 elatee,
238 2164 309 2212 donec
319 2168 360 2212 tan
371 2161 473 2223 suntuna
488 2178 524 2213 nie
540 2168 633 2227 putrem
650 2169 717 2214 tssrn
733 2165 778 2218 tili
792 2167 885 2217 reddet.
918 2167 1031 2218 Pseisenr
1040 2181 1171 2232 quinqueni
1181 2181 1209 2216 es

569 2337 751 2360 nomeneu-

111 2491 118 2505 .
129 2488 137 2505 .
147 2487 171 2505 ..
182 2453 372 2504 illenim-ll
381 2453 456 2506 Arpis
471 2467 519 2518 pro
530 2454 589 2505 Aris
600 2454 664 2519 legit
674 2455 831 2507 Gronovius.
845 2455 908 2506 Vid.
920 2454 966 2506 ini.

607 2616 715 2668 NOTAE

111 2728 229 2780 setrrsria
248 2729 329 2786 navis,
349 2743 407 2793 qna
428 2728 505 2777 aliam
526 2734 638 2792 tempes-
680 2729 736 2779 tris.

110 2809 221 2856 tateaut
233 2805 332 2854 bellicis
343 2804 475 2853 tormentis
486 2810 638 2867 quassatam,
711 2809 742 2854 ls
760 2803 830 2867 Aris]
840 2804 882 2854 Sic
899 2802 963 2868 legit
979 2802 1106 2865 Scaliger,
1124 2805 1152 2852 et
1167 2803 1206 2852 ln·

109 2897 140 2932 sc
166 2881 300 2944 spoliatam
328 2880 502 2940 armamentis,
531 2879 637 2942 alligato
678 2880 775 2943 telligit
794 2878 940 2942 crepidines
968 2878 1142 2941 prominentes
1162 2892 1205 2927 ea·

108 2955 181 3018 ione,
194 2955 317 3018 remigum
334 2969 414 3018 opera
426 2954 514 3002 trahit.
546 2951 637 3002 Athic
678 2970 733 3004 rum
744 2953 948 3018 molinmquibns
964 2951 1071 3001 flumina
1085 2951 1205 3002 eoircen-

108 3031 172 3080 nibil
195 3029 263 3080 alind
284 3029 400 3091 intellige
418 3040 464 3092 per
486 3028 636 3091 remulcum,
677 3037 734 3098 tun
761 3029 837 3082 erod
854 3028 973 3079 adductis
982 3025 1087 3090 Virgilii
1103 3032 1131 3076 et
1141 3027 1204 3075 Ter-

108 3121 185 3171 quam
197 3106 290 3168 ipsam,
307 3121 357 3169 qua
376 3105 518 3153 vehebatur
530 3101 636 3152 Ausonii
677 3105 777 3154 tulliani
788 3101 852 3154 locis
869 3104 970 3168 probat.
1001 3103 1080 3152 Hune
1099 3109 1204 3152 secutas

108 3182 186 3243 filios,
197 3196 288 3230 navem
301 3181 377 3230 remis
389 3187 483 3230 actam.
675 3195 732 3231 sum
744 3182 769 3230 in
780 3181 1014 3243 Interpretatione,
1031 3192 1062 3228 eo
1072 3177 1196 3228 libentius

141 3260 173 3304 lo
191 3256 306 3318 Properas
323 3257 419 3303 odones
430 3252 635 3317 stamineorum]
676 3257 744 3322 quod
765 3272 823 3321 quas
844 3261 997 3320 sequuntur,
1019 3253 1142 3303 ‘salicum
1158 3253 1205 3302 de-

108 3333 185 3385 Qnod
204 3330 284 3382 fiebat
300 3329 390 3380 fluenti
406 3330 545 3380 Mosellsni
556 3331 635 3394 placi·
676 3332 785 3382 verbero
796 3329 919 3392 frondes,’
930 3333 979 3380 &a
991 3329 1016 3378 in
1028 3328 1145 3392 margins
1154 3327 1204 3377 fln-

107 3409 202 3459 nitate.
595 3433 600 3440 ·
675 3410 710 3460 vii
723 3408 808 3457 omnin
819 3407 874 3470 geri
887 3406 1016 3455 videntur.

139 3489 175 3535 ll*
189 3485 246 3534 Non
263 3499 339 3534 onnus
356 3483 448 3546 longior
465 3484 505 3532 ills
523 3487 568 3544 est,
583 3482 635 3545 ia]
706 3487 738 3533 20
757 3483 853 3532 liranis
863 3481 908 3531 tibi
919 3480 977 3541 sete
989 3478 1122 3544 parentem]
1135 3477 1202 3527 lires

106 3561 198 3611 Annus
222 3561 382 3622 Metonicns,
408 3575 488 3610 annos
516 3560 636 3622 vulgares
675 3558 973 3610 siemutstGronovius:
986 3554 1137 3606 plectemini
1149 3558 1203 3602 note

106 3638 241 3688 continens
252 3636 438 3686 novemdecim.
464 3635 556 3685 Meton
564 3635 633 3683 enim
671 3636 774 3699 parenti,
786 3649 837 3700 quo
848 3633 1026 3693 fundamento,
1034 3632 1089 3695 ipse
1099 3630 1202 3680 viderit.

106 3712 272 3763 Atheniensis
291 3711 455 3774 Astrologns,
473 3711 570 3774 primus
587 3709 632 3759 de·
673 3713 730 3773 Ego
748 3710 872 3772 scriptam
890 3707 1028 3758 lectionem
1048 3704 1163 3769 expressi
1174 3704 1201 3752 in

106 3788 242 3854 prehendit
265 3789 363 3838 Lunam
385 3787 418 3837 sd
438 3786 505 3836 idern
526 3785 632 3835 Zodisci
672 3786 901 3850 Interpretstiooe.

105 3870 238 3928 punctum,
249 3879 283 3914 ex
293 3877 343 3928 qao
361 3878 419 3912 cnm
438 3863 497 3911 Sole
514 3860 633 3926 proiecta
704 3863 719 3892 ·
734 3863 871 3911 Restitscnt
887 3863 958 3910 donec
975 3865 1017 3908 trra
1032 3871 1069 3908 sne
1079 3853 1200 3942 titisnts]

104 3947 184 4008 erit„
194 3955 252 3990 cnm
269 3939 359 3988 eodem
380 3938 440 3988 Sole
461 3937 556 3986 reverti
573 3941 632 3998 post
672 3938 737 3990 liure
749 3936 904 4000 regerendis
917 3934 1077 3999 Reipublicae
1089 3936 1200 3992 negotiis

104 4029 185 4066 annes
210 4015 318 4078 precise
344 4011 531 4072 novemdecim,
556 4023 632 4075 qoem
671 4012 791 4060 idoneum
803 4017 938 4073 aparents
955 4008 1062 4074 ejusque
1078 4004 1199 4068 amplexu

106 4105 239 4141 numerum
258 4103 363 4139 aureum
385 4085 536 4152 appellavit.
574 4087 633 4138 nia·
671 4086 884 4138 noncdivellnnt.

103 4163 633 4232 uetqueetiamnuncioKslendariisnos·
