3000 4882
522 397 719 450 EPISTOLAE.

22 570 57 633 pa
119 535 160 602 Si
175 556 253 604 vera
266 539 357 603 fama
370 549 421 605 est
436 541 664 625 Hippocrene,
686 557 786 624 quarn
800 538 899 622 pedis

118 637 228 704 Pulsu
243 640 377 704 citatam
392 643 547 724 cornipes
562 643 649 706 fudit
661 642 819 705 fremens:

118 739 280 803 Tufontc
294 741 416 823 inipso
431 749 625 823 procreatus
642 741 774 822 Pegasi,

116 838 253 903 Primus
265 858 428 903 novorum
442 850 547 905 metra
563 841 707 923 junxisti
721 839 859 922 pedum:
899 829 901 835 ’

118 938 263 1021 Illicque
279 938 390 1004 Musis
404 942 653 1005 concinentibus
666 959 794 1017 novem,

44 1071 45 1099 r
119 1037 282 1102 Caedem
273 1059 308 1102 ιιι
322 1040 477 1106 draconis
492 1039 668 1104 concitasti
682 1039 828 1103 Delium.

42 1139 44 1210 j
118 1140 186 1202 Fer
199 1139 285 1203 hanc
300 1141 441 1204 salutern
456 1158 587 1223 praepes
601 1146 636 1204 et
650 1135 839 1221 volucripes

42 1261 43 1287 ι
118 1238 259 1303 Paulini
274 1239 438 1323 adusque
453 1241 589 1304 moenia.
634 1238 884 1342 Hebromagum
900 1238 1028 1318 loquor.
1120 1241 1163 1303 15

78 1459 110 1502 eut
119 1455 183 1516 quod
189 1455 313 1504 diciturde
323 1456 479 1518 Hippocrene,
490 1472 559 1520 quam
568 1472 638 1520 cquae
647 1459 754 1518 fremens
764 1457 849 1520 effudit
860 1456 964 1506 excitam
977 1458 1028 1506 ictu
1034 1455 1118 1520 pedis.
1135 1458 1162 1501 tu

75 1519 223 1578 productus
214 1533 239 1567 m
255 1520 304 1580 ipro
317 1519 388 1576 faute
406 1521 520 1582 Pegaseo,
544 1522 635 1582 primae
659 1523 805 1579 connexuisti
824 1536 942 1570 mensuras
957 1524 1042 1584 pedum
1062 1521 1162 1568 nandum

77 1580 267 1630 ubaauatorum:
283 1588 352 1645 atque
367 1584 401 1632 itt
417 1585 472 1632 dum
485 1599 565 1632 aorem
583 1573 698 1633 Camena
713 1591 831 1644 cauerqeat
850 1584 1115 1646 instigastirtputlr'acm
1131 1580 1162 1628 ud

25 1643 261 1734 interficiendum
272 1646 412 1695 Draconem.
447 1646 524 1707 Defer
535 1649 593 1696 banc
609 1649 784 1705 salutationem,
804 1649 871 1696 celae
881 1655 904 1696 et
919 1648 1036 1722 cateripca,
1048 1645 1162 1722 usquead

25 1702 190 1759 artemia
206 1725 251 1772 praa
266 1711 331 1774 degit
344 1710 465 1759 Paullum.
500 1710 674 1772 Hebromagum
692 1713 742 1759 roto
756 1681 841 1760 dicere.
876 1712 912 1758 Et
922 1711 1014 1771 atatem,
1033 1713 1054 1758 st
1073 1711 1095 1757 ir
1109 1709 1162 1768 jam
1239 1711 1240 1714 ’

22 1835 34 1863 ll

568 1883 674 1934 NOTAE

109 2014 402 2079 thuraipea]Pegasnr.
640 2012 714 2061 cirum
736 2011 848 2062 dictum:
867 2010 978 2075 ‘Arum'
999 2009 1097 2058 treats·
1121 2009 1166 2068 rip

110 2094 140 2139 11
158 2091 383 2150 Primuurroaaram,
393 2087 444 2150 tra]
458 2089 552 2150 Tangit
562 2086 600 2136 fa·
640 2085 733 2148 cudone
743 2085 884 2150 ἀνατρέπεις·
906 2086 974 2136 ‘Abi
993 2087 1085 2135 homor
1108 2100 1163 2135 sce·

80 2163 163 2213 bulanu
180 2180 195 2213 a
211 2165 369 2214 Terentiano
385 2165 478 2212 Mauro
494 2164 602 2212 relatam
641 2161 716 2224 pirum
727 2161 872 2211 subvertis!

81 2239 118 2287 bis
145 2239 277 2288 versibus.
304 2239 496 2288 ‘Hexametrar
524 2237 602 2287 tradit
674 2240 706 2286 la
722 2236 898 2298 Hebromagum
908 2235 1080 2300 loquar]Hanc
1096 2235 1164 2283 Pau·

22 2329 24 2359 ε
82 2314 242 2376 genitaeduo
261 2315 345 2377 prima
362 2321 485 2363 vetustas.
503 2311 603 2361 Heroua
642 2310 783 2359 liniviltam
795 2310 1164 2372 Hebromagumvinetussus·

82 2388 123 2437 ille
144 2395 193 2438 est.
234 2388 311 2437 Hunc
332 2394 426 2437 vocant
451 2373 603 2448 iambicum,
642 2386 744 2449 picatur
759 2387 841 2437 vicum
859 2384 1143 2435 esseinfraBlaviam'
1137 2399 1165 2433 ιιι

83 2467 129 2514 ιιι.
160 2464 273 2513 Additur
292 2465 348 2513 baec
366 2463 468 2527 gemino
488 2476 539 2510 uon
557 2462 601 2511 ab·
642 2463 732 2510 eadem
748 2461 803 2526 ripa
821 2461 925 2510 Embrau
942 2460 1047 2520 dictum,
1065 2461 1119 2508 rive
1136 2466 1165 2508 ut

22 2581 27 2612 ,y
84 2552 142 2588 sona
152 2538 240 2588 fabula
249 2545 341 2594 metro,
358 2540 409 2587 Seu
430 2551 489 2586 vera
502 2551 543 2585 res
554 2543 601 2586 est.
642 2537 685 2586 alii
698 2538 805 2600 primam
825 2538 947 2600 syllabam
959 2544 1109 2586 truncantes
1120 2549 1164 2600 ap·

22 2654 26 2683 p
84 2614 188 2676 Spectet
207 2623 340 2662 auctorem
356 2612 430 2661 tides.
464 2613 527 2661 Cum
540 2625 603 2675 puer
642 2613 837 2675 pellantBrau:
854 2621 881 2660 at
900 2613 1016 2674 Scaliger
1034 2611 1166 2660 existimat

23 2737 25 2746 ¹
84 2685 180 2737 infestis
205 2694 333 2750 premeret
359 2687 477 2747 Pythona
501 2686 602 2748 sagittis
641 2688 765 2752 oppidum
782 2703 840 2736 esse
857 2689 888 2736 ad
908 2687 1067 2738 confluentes
1083 2689 1165 2736 Duru·

86 2761 185 2826 Apollo,
214 2763 334 2826 Delphici
364 2761 482 2811 feruntur
509 2763 601 2810 incolae
642 2766 677 2814 nii
698 2772 724 2814 et
743 2767 880 2815 Garumnae
902 2766 938 2814 ab
957 2780 1007 2814 uno
1027 2781 1042 2814 e
1061 2766 1166 2814 Paulini

22 2890 23 2898 ἵ
86 2835 223 2888 Hortantes
235 2838 333 2886 acuisse
344 2838 453 2886 animum
470 2835 602 2898 bellantis,
642 2838 1166 2902 posterisPontioLeontioamplificaturn

86 2920 112 2960 ut
127 2915 183 2962 illae
195 2915 283 2962 Metus
299 2912 419 2976 habebat,
439 2920 484 2961 aut
501 2913 602 2975 propin·
641 2914 740 2964 horreis
752 2914 860 2979 publicis
867 2925 895 2964 et
906 2914 1016 2963 turribus
1025 2915 1052 2961 in
1062 2913 1165 2961 modum

87 3004 133 3052 qua
143 2991 238 3039 adorea
248 2990 382 3039 Tendebat
400 2990 514 3052 geminas
532 2988 603 3050 pavi·
643 2997 795 3050 castrorum,
816 2997 844 3038 et
865 2989 1022 3052 appellatum
1045 2988 1164 3048 Burgum,

86 3063 117 3112 da
138 3065 290 3116 exclamatio
317 3061 458 3126 voces,'1a
479 3059 560 3110 naar·
578 3060 604 3119 ia
643 3080 693 3128 quo
713 3065 814 3114 nomine
836 3073 898 3113 tunc
916 3071 1001 3112 castra
1020 3069 1165 3125 opportuna

86 3137 164 3188 nutu·
173 3138 199 3197 la
209 3135 288 3187 Παιάν·
304 3137 430 3201 spondeis
440 3137 510 3186 illum
522 3136 605 3198 primo
645 3138 714 3188 bello
720 3145 748 3188 et
756 3139 855 3187 munita
865 3138 991 3186 vocabant
1001 3133 1107 3198 eadmer
1114 3141 1167 3185 tur·

87 3223 171 3264 natum
191 3215 275 3263 cernis
292 3223 346 3262 sex.
378 3215 418 3261 Ex
436 3218 510 3274 parte
527 3225 604 3259 uoces
645 3214 688 3263 ria.

88 3291 195 3340 concitas
221 3289 273 3338 laeti
299 3289 397 3339 dabant
413 3285 452 3346 'br
475 3284 556 3335 Παιάν·
578 3285 620 3352 ta,
676 3287 692 3316 ⁸
708 3287 806 3336 Parum
821 3289 852 3335 ad
867 3301 938 3349 arque
949 3286 1042 3334 mania.
1074 3285 1167 3334 Hebro-

88 3366 164 3417 Παιάν
181 3366 208 3426 la
221 3365 303 3414 natu
322 3367 356 3414 Et
375 3365 434 3413 binc
454 3362 548 3427 pedum
565 3369 606 3410 tot
645 3361 919 3425 magumtoqaor]1nde
938 3362 1033 3424 colligo
1049 3359 1120 3409 hanc
1134 3361 1167 3408 ll·

89 3450 153 3491 ortua
172 3447 213 3491 est
228 3440 376 3491 iambicus.'
409 3441 449 3488 Eu
469 3453 519 3501 qua
535 3437 604 3485 colli·
645 3439 764 3502 pistolam
784 3444 844 3485 ante
863 3450 955 3485 anunm
973 3439 1029 3485 890.
1045 3435 1167 3498 scriptam

89 3530 144 3578 gere
163 3526 205 3568 est
227 3518 335 3581 primunr
356 3529 456 3564 versum
478 3513 606 3563 Hexame·
646 3512 734 3562 fuisse.
767 3511 825 3560 Nec
845 3512 912 3560 enim
929 3509 1052 3560 Paulinus
1069 3511 1167 3560 illude

88 3587 606 3655 trum‚cedspondaicrrm,fuisseGraecum
646 3587 760 3637 dominio
780 3599 826 3634 suo
846 3584 968 3648 oppidum
988 3586 1107 3648 incoluit,
1119 3585 1169 3633 nisi

87 3664 240 3730 illumeupra
256 3667 373 3728 relatum,
392 3666 436 3712 sed
456 3664 566 3712 eundem
580 3677 605 3710 e·
646 3677 703 3712 cunr
722 3662 799 3710 vitam
818 3674 974 3709 communem
994 3665 1092 3722 ageret.
1125 3659 1168 3706 De

90 3739 144 3790 tiam
156 3741 309 3803 iambicum,
316 3754 347 3788 eo
358 3738 424 3803 quod
438 3737 606 3802 parsDelplri-
645 3736 695 3784 uita
706 3741 791 3783 autem
803 3733 960 3796 Hebromagi
966 3732 1169 3782 dissentiuntln·

89 3815 487 3878 corumceleriuspronuntiantes
499 3813 607 3875 primam
647 3816 793 3872 terpretes·
811 3817 898 3856 noster
918 3805 1019 3855 accedit
1038 3807 1168 3867 scaligero

89 3891 208 3952 syllabam
224 3891 294 3939 vocis
313 3888 388 3938 Παιὰν
397 3889 568 3951 corriperent
577 3894 607 3935 ut
647 3885 690 3948 qui
706 3884 762 3933 uult
778 3883 969 3944 Hebromagum
988 3880 1094 3930 eaodem
1111 3893 1169 3928 esse

89 3976 174 4016 reuera
195 3981 263 4030 raepe
286 3965 355 4028 apud
377 3964 483 4015 Graecos
505 3981 528 4011 αι
545 3971 605 4011 ante
646 3974 704 4008 cnm
715 3959 801 4020 Burgo
813 3956 944 4005 ciuitatem
946 3953 1167 4018 ,qrrodetsamso

88 4042 199 4090 vocalem
211 4039 358 4103 corrrprtur
390 4039 456 4088 Sunt
466 4046 552 4086 tamen
564 4051 607 4100 qur
646 4030 897 4096 tueriquoqueuitit
965 4025 1169 4090 uicquidcontra

88 4114 193 4174 primum
204 4115 271 4163 banc
288 4112 403 4162 lamburn
422 4111 500 4162 fuisse
517 4111 608 4161 dicunt
646 4109 672 4157 in
684 4107 795 4156 medium
806 4103 915 4153 afferant
952 4103 1036 4150 ιιίιιιιι
1048 4109 1076 4150 et
1090 4101 1170 4151 Fran·

90 4191 217 4241 umuliere
229 4204 324 4254 pannos
340 4189 460 4238 lavante'
454 4203 479 4237 ιιι
490 4186 606 4236 Archilo-
648 4189 674 4232 to
677 4182 810 4243 ·Ducaeus,
830 4179 872 4244 qui
891 4185 1004 4227 veterem
1025 4175 1171 4226 Hebromu
