3016 4894
262 355 328 422 690
735 365 892 416 sonorus

263 517 314 580 Te
329 531 463 599 quoque
475 531 517 576 ne
530 513 647 598 pigeat
661 511 845 595 consponsi
859 509 1019 576 loedoria:
1043 516 1077 576 et
1095 511 1167 596 jam
1268 553 1271 562 ι

307 615 405 681 citus
419 615 496 680 veni
510 634 611 694 remo,
630 619 689 679 aut
703 621 789 691 rota,

264 717 427 803 AEquoris
443 715 562 786 undosi
577 734 647 799 qna
661 715 884 797 multiplicata
897 733 1043 792 recursu,

308 819 482 886 Garumna
495 824 634 901 pontum
649 821 832 900 provocata

265 922 336 989 Aut
351 923 540 987 iteratarum
554 938 620 1003 qua
634 917 841 1000 glarcatrita
854 915 995 995 viarum,

309 1024 387 1090 Fert
400 1023 574 1087 militarem
591 1021 634 1084 ad
649 1019 816 1085 Blaviam.

265 1127 342 1196 Nos
357 1125 475 1214 etenim
490 1124 607 1211 primis
624 1128 775 1188 sanctum
789 1129 869 1208 post
884 1120 1017 1186 Pascha
1029 1119 1149 1186 diebus

308 1226 460 1294 Avernus
477 1244 592 1307 agrum
607 1223 726 1290 visere.

265 1330 356 1395 Nam
370 1327 487 1413 populi
502 1330 621 1402 coetus,
643 1330 678 1388 et
692 1323 840 1407 compita
855 1323 993 1389 sordida
1006 1322 1090 1388 rixis

309 1426 545 1505 Fastidientes,
568 1427 729 1491 cernimus

264 1532 437 1614 Augustas
450 1529 577 1594 fervere
592 1527 679 1604 vias,
701 1533 734 1592 et
749 1546 909 1610 congrege
922 1526 1022 1608 vulgo

308 1633 441 1699 Nomen
453 1633 585 1716 plateas
600 1628 747 1713 perdere.

264 1812 337 1863 tao.-
352 1814 395 1863 el
380 1829 435 1875 jura
442 1826 540 1876 propere
551 1825 647 1862 acram
658 1810 724 1871 anci,
731 1813 773 1857 out
782 1822 862 1857 carn.
897 1805 951 1862 Quo
961 1811 1030 1869 ports
1043 1805 1166 1855 Garamas
1176 1792 1376 1892 «10113νᾴιηῖ

263 1893 338 1927 armas
349 1877 441 1940 amosi,
449 1877 568 1926 amauit
576 1879 605 1926 de
615 1875 741 1924 miluom
748 1887 803 1922 cara
807 1873 899 1934 pelago
919 1871 963 1920 Vel
973 1885 1019 1934 qno
1028 1871 1129 1919 cubulos
1138 1870 1211 1918 tritas
1221 1869 1267 1918 oioe
1277 1884 1366 1944 superas

263 1943 369 2004 eslcutoe,
376 1943 443 1992 ducit
450 1944 481 1991 cd
488 1942 600 1991 Blucium
609 1939 713 1989 acuum
721 1936 971 2012 proeolrliojirmatom.
989 1936 1053 1984 Nom
1060 1949 1104 1996 ego
1112 1936 1178 1997 capio
1187 1935 1223 1982 ire
1233 1948 1274 1982 m
1281 1933 1365 1996 proxi·

264 2006 310 2054 mis
319 2007 401 2056 diebus
414 2012 468 2070 post
480 2001 829 2065 massalianorum
862 2000 958 2048 neom
967 2000 1029 2048 caim
1043 1998 1220 2062 moospopali,
1229 2004 1252 2047 el
1262 1999 1366 2062 compito

258 2069 432 2135 sedulus-giis,
441 2072 507 2121 uideo
516 2075 595 2120 wotos
605 2067 772 2128 clauseram
787 2065 899 2128 sumtu,
908 2069 932 2113 st
946 2065 1037 2128 plotm
1047 2064 1156 2114 aailters
1164 2077 1247 2112 nomen
1256 2076 1324 2111 mam
1335 2062 1365 2110 ob

756 2191 865 2245 NOTAE

265 2305 336 2344 tarra
347 2293 417 2343 iuter
428 2291 492 2342 rluos
504 2292 589 2342 sulcos
600 2291 679 2348 elata,
690 2289 717 2339 iu
728 2290 793 2339 alta·
833 2287 909 2337 aliter
918 2287 1001 2353 accipi
1012 2295 1109 2353 potest.
1142 2291 1201 2342 Nec
1211 2288 1319 2340 firmiori
1327 2289 1367 2340 ni·

263 2374 431 2432 rampartcm
443 2365 596 2429 deflectere,
612 2371 640 2415 et
658 2379 708 2415 non
720 2371 794 2414 recta
833 2364 898 2413 titur
924 2363 1092 2416 fundamento
1115 2367 1184 2431 qnod
1212 2367 1366 2432 subjungit:

263 2444 366 2494 viaire.
398 2443 580 2508 Metsplrorica
599 2442 695 2493 dicitur
711 2441 745 2491 de
761 2441 794 2492 iis
833 2442 946 2506 glaream
958 2441 1010 2492 rlici
1027 2442 1152 2507 ejusmodi
1168 2457 1300 2508 aggerem,
1317 2458 1367 2508 per

264 2519 601 2585 quisverltatesberraut.
834 2517 1009 2581 antiphrasim·
1078 2557 1089 2577 .

296 2598 329 2646 10
356 2595 485 2658 Nunquam
504 2595 554 2658 ipse
578 2598 670 2656 laquel
691 2592 794 2656 osae]
867 2597 898 2642 16
914 2595 1050 2644 Militursat
1068 2596 1099 2643 ud
1119 2593 1243 2656 Bloolunr]
1260 2594 1365 2656 Blavia,

263 2671 357 2722 Manat
378 2671 405 2721 in
425 2672 516 2722 eadem
533 2671 701 2734 metaphora:
722 2669 795 2731 αὕλαε
834 2669 911 2718 hodie
925 2669 1014 2734 Bluye,
1034 2669 1154 2719 militaris
1170 2669 1276 2730 dicitur,
1294 2671 1365 2734 quod

263 2748 348 2798 sulcos
356 2747 559 2812 est,‘uanqusnr
567 2751 672 2811 torquet
680 2744 793 2806 almas
834 2745 860 2794 iu
877 2758 909 2795 ea
928 2752 1001 2808 tunc,
1018 2753 1049 2794 nt
1068 2752 1097 2795 et
1115 2745 1203 2808 lrodie,
1214 2745 1366 2808 prasidium

263 2824 363 2874 sulcum
389 2835 519 2886 nunquam
545 2819 619 2871 ducit
650 2820 793 2884 obliquum,
833 2828 904 2871 esset
924 2821 1036 2870 rnilitum
1058 2821 1106 2870 sub
1129 2819 1267 2885 praet'eoto,
1284 2827 1314 2870 ut
1331 2835 1367 2871 ax

261 2913 392 2964 nunquam
413 2897 549 2960 mentitur,
567 2911 698 2961 nunquam
717 2895 792 2956 fallit,
831 2895 924 2946 notitia
935 2895 1037 2959 imperii
1049 2902 1131 2960 patet.

263 2988 408 3040 quanquam
441 2973 579 3039 aliquando
610 2973 680 3023 siuat
704 2972 792 3022 Musas
863 2972 880 3002 '
896 2971 1032 3022 Militarem
1052 2972 1084 3021 od
1099 2970 1223 3034 Blenina]
1235 2971 1366 3022 Castrum

262 3052 366 3102 mentiri
378 3059 406 3100 et
417 3049 518 3100 fallere.
831 3048 1030 3098 munitissimum
1041 3048 1067 3097 iu
1079 3048 1219 3098 Garumnae
1231 3049 1288 3111 ripa
1299 3048 1371 3098 Sau-

295 3131 327 3177 ln
345 3128 415 3176 Citra
426 3126 565 3187 miramo,
579 3128 623 3174 aot
633 3123 699 3186 roto]
710 3123 791 3172 Scali-
832 3130 906 3175 tones
917 3130 1054 3188 spectante
1066 3123 1153 3180 situm,
1164 3130 1265 3188 septem
1275 3124 1366 3174 aBur·

261 3215 309 3265 φτ
319 3202 347 3250 in
359 3201 513 3252 Antonianis
522 3199 677 3250 lectionibus
686 3197 719 3248 ad
727 3199 792 3249 hanc
832 3201 919 3265 ‹ligala
930 3202 1019 3251 leucis.
1036 3200 1187 3251 ‘Blavium'
1198 3201 1368 3252 dictmr'lur-

262 3274 375 3339 Epistol.
393 3276 459 3326 Cum
476 3280 554 3340 esset,
570 3273 663 3338 inquit,
680 3273 705 3322 in
728 3275 792 3324 Sau-
832 3277 894 3341 pino
905 3275 939 3325 de
950 3275 1033 3340 gestis
1044 3276 1132 3326 Caroli
1147 3277 1237 3339 Magni
1253 3291 1311 3341 cap.
1324 3282 1367 3329 ll.

263 3349 342 3412 tonis,
351 3349 377 3398 iu
390 3349 583 3415 Noveropasso,
592 3349 636 3398 nbi
652 3349 736 3401 villam
748 3350 792 3398 hs·
832 3352 909 3416 vulgo
920 3351 1007 3415 Rape.
1030 3351 1173 3400 Militaram
1185 3351 1302 3414 appellat
1309 3350 1364 3403 Au-

261 3424 351 3483 bebio
362 3425 562 3478 invitatorium
574 3425 685 3474 Paulum
701 3424 792 3488 Bigcr·
832 3429 929 3492 conius,
939 3429 1006 3494 qrrod
1018 3429 1053 3478 ibi
1066 3429 1212 3492 praesidium
1231 3437 1300 3480 esset
1316 3433 1366 3480 uri·

260 3501 374 3552 ritanuur
385 3502 417 3552 ad
428 3516 516 3566 agrurn
527 3505 608 3552 suurn.
639 3501 733 3565 ltaque
748 3515 791 3552 ue·
830 3505 905 3555 litum
922 3505 1120 3556 Carroneusium
1132 3505 1179 3554 sub
1194 3505 1304 3555 Tractus
1313 3504 1366 3556 Ar·

262 3589 335 3626 cassa
356 3576 379 3626 ei
399 3577 494 3630 Blavia
510 3577 561 3627 iter
578 3576 677 3628 facere.
710 3577 793 3628 Rece·
830 3581 956 3632 moricani
980 3581 1052 3632 ducis
1076 3581 1194 3644 irnperio,
1211 3580 1364 3644 Aquitania

261 3651 341 3703 dante
353 3653 421 3704 enim
433 3661 498 3704 astu
511 3653 622 3718 Oceani,
632 3653 708 3702 trium
716 3653 792 3704 hora·
831 3657 951 3706 secunda
963 3657 990 3705 iu
999 3656 1121 3721 obsequio
1131 3655 1296 3706 continenda
1305 3671 1366 3720 gra·

260 3743 319 3779 rum
339 3731 453 3786 secondo
478 3729 611 3781 Garumna
633 3730 734 3780 erectio
750 3735 791 3781 cst
831 3732 877 3783 tia.
908 3733 990 3782 Patet
1002 3731 1068 3781 illud
1084 3746 1117 3780 ex
1136 3730 1230 3780 notitia
1246 3730 1364 3795 imperiis

260 3806 380 3858 Blarianr
390 3807 492 3872 navigio
504 3805 636 3872 expedito.
832 3807 902 3857 ‘Sub
914 3807 1081 3870 dispertitione
1093 3806 1141 3856 viri
1152 3807 1304 3876 spectabilia
1316 3807 1364 3857 du·

293 3886 324 3933 lo
354 3881 455 3946 Glureo]
479 3883 561 3932 'l'erra
588 3881 718 3934 calculoso
740 3886 790 3932 est.
831 3883 869 3932 cis
888 3881 1053 3933 Armoricaui
1126 3881 1276 3934 Praefectus
1296 3884 1365 3934 ruili-

257 3956 415 4010 ‘Glareara’
426 3972 458 4008 eo
470 3964 587 4022 tempore
600 3973 647 4022 pro
658 3961 666 3987 ⁴
676 3955 790 4022 aggere’
831 3967 886 4010 tum
898 3958 1097 4009 Cerronensinm
1109 3957 1215 4009 Blavia)
1231 3960 1367 4011 altem.

259 4047 304 4084 seu
316 4034 442 4087 ‘militari
454 4034 508 4086 via’
520 4035 790 4100 acceptamaitSceli·
863 4038 894 4084 18
912 4036 1004 4096 ΑΜ
1018 4033 1105 4096 νίκη]
1123 4033 1154 4082 In
1173 4035 1364 4100 Novem-pago

260 4122 317 4172 gar,
332 4117 360 4159 et
379 4111 493 4174 probare
509 4110 602 4161 nititur
620 4124 653 4160 ax
669 4111 725 4160 loco
737 4108 790 4158 Au·
830 4109 980 4168 Santonum,
989 4107 1011 4158 si
1021 4109 1153 4173 Scaligero
1165 4109 1303 4160 credimus.

261 4182 355 4246 aurini
381 4183 415 4234 ‹le
440 4184 522 4236 eicit.
550 4185 612 4249 Dei,
637 4184 680 4250 qui
703 4190 790 4235 tameo
861 4187 893 4236 21
928 4184 1051 4247 congrege
1077 4183 1160 4248 uulgo]
1188 4185 1365 4250 Congregato.
