3026 4898
590 379 770 429 uuYLLls.

132 525 259 591 Martia
275 523 389 589 Roma
407 523 545 608 triplex,
566 525 728 607 equitatu,
749 520 859 606 plebe,
883 528 1011 589 uenatu.

132 627 215 691 Hoc
230 645 364 690 numero
377 626 514 706 Tribus,
534 631 568 691 et
581 645 680 692 sacro
694 625 737 691 (le
751 630 861 689 monte
876 624 1024 690 Tribuni.

131 729 217 792 Tres
231 728 380 812 equitnm
395 734 531 832 turmae:
555 729 621 793 trio
637 728 771 793 uomina
784 727 991 791 nobiliorum.
1183 727 1227 794 80

129 939 155 982 et
171 936 279 1009 uulgaria
294 937 338 984 illo
354 951 406 999 qaoe
423 935 547 986 adhibetur
563 937 590 986 iu
603 936 688 987 recab.
721 936 798 985 Rauso
809 934 902 984 Martio
913 937 1003 984 comtot
1014 931 1126 996 atriplice*
1136 931 1228 990 moine,

130 1000 253 1076 Mestum,
266 1001 353 1062 Plebis,
368 1006 392 1048 ct
408 1000 517 1050 Senatum
552 1003 638 1049 Eodem
654 1015 750 1050 uomere
762 1000 833 1060 suere
846 999 932 1048 lubus
952 999 1072 1060 Romano,
1091 1002 1115 1045 et
1129 995 1228 1044 Tribuni

129 1068 205 1112 meato
221 1079 248 1113 m
265 1069 343 1113 morte
358 1079 432 1114 sucro.
475 1066 532 1114 'l'res
542 1066 642 1126 suerum
660 1071 746 1114 turmae
763 1065 881 1128 equitum:
903 1062 953 1112 trio
969 1061 1063 1111 minino
1079 1059 1227 1110 nobiliorum.

624 1223 734 1280 NOTAE

81 1385 85 1390 .
163 1341 196 1386 ll
214 1336 561 1401 Mixtolibriafflhythmica.
594 1337 661 1386 Cou-
701 1343 771 1387 runt·
813 1335 994 1398 Ampliticotus
1023 1331 1119 1381 deiude
1151 1329 1228 1380 variis

133 1412 258 1464 sideratio
274 1413 376 1462 scilicet
392 1412 488 1476 pedum
499 1418 527 1460 ct
541 1424 662 1460 numero·
701 1411 862 1475 temporibus
872 1409 996 1458 Tuibuum
1008 1420 1139 1469 numerus,
1155 1412 1185 1454 nt
1195 1419 1228 1452 ex

132 1493 226 1541 mmin
238 1491 353 1541 oratione
364 1490 419 1540 rire
438 1490 539 1554 stricta,
551 1490 606 1540 sire
622 1504 663 1540 so·
702 1487 773 1537 Hist.
785 1488 860 1536 Rom.
879 1483 1050 1548 scriptoribus
1069 1480 1159 1530 ridere
1179 1486 1228 1528 est.

93 1603 101 1626 ι
132 1568 200 1618 Ῑῦῐῑῑ·
468 1581 471 1586 ’
702 1558 1121 1612 Seduibilbaecadbunclocum.

163 1641 262 1692 Secreto
278 1641 362 1705 octab]
383 1639 543 1690 Harmonice
562 1638 661 1703 orbium
687 1675 691 1684 .
734 1639 769 1687 Et
789 1651 856 1686 sacro
872 1638 901 1686 de
916 1630 1230 1692 membranaceum

131 1718 278 1767 coelestium
297 1717 387 1778 motio,
408 1715 538 1765 mundana
558 1715 662 1764 Musica
702 1711 767 1761 bauo
778 1710 894 1772 Ausonii,
905 1706 1078 1770 etPomponii
1086 1705 1143 1754 loco
1152 1719 1230 1766 supra

132 1790 256 1840 Boethio.
701 1788 817 1850 laudato,
825 1784 981 1849 opinionem,
993 1795 1043 1830 uon
1054 1785 1108 1829 tres
1120 1779 1146 1826 iu
1158 1793 1229 1827 mon·

168 1863 273 1928 Vulgata
286 1863 483 1929 Tbeotria10uae
496 1863 661 1926 fiebatvoce,
701 1869 729 1914 te
739 1877 812 1913 sacro
824 1862 958 1923 Tribunos,
979 1857 1025 1908 sed
1044 1855 1110 1905 duos
1129 1861 1230 1904 creatos

130 1939 320 2003 fidibur,flatu,
333 1946 362 1989 ut
384 1954 462 2002 supra
474 1939 529 2002 jam
543 1939 661 2005 uidimus,
700 1953 758 1988 esse
777 1937 819 2002 (C.
837 1935 974 1994 Licinium,
996 1939 1024 1982 et
1044 1931 1072 1980 L.
1095 1927 1230 1991 Albinum)

131 2017 177 2066 ubi
188 2017 222 2066 de
240 2015 383 2066 certamine
400 2015 541 2077 Musarum,
552 2021 581 2064 ct
596 2014 664 2064 Sire·
702 2017 746 2081 qui
768 2023 821 2066 tres
853 2014 973 2076 collegas
997 2004 1050 2058 ‘sibi
1076 2005 1232 2068 creaverim,

133 2107 204 2143 num·
337 2127 339 2131 ·
704 2096 795 2140 auctor
806 2096 847 2138 est
856 2087 943 2136 Livius
952 2085 999 2134 lib.
1012 2097 1044 2131 rr.
1055 2095 1114 2143 cap.
1125 2083 1167 2129 88.

165 2173 199 2218 79
215 2169 271 2218 Hoc
292 2181 389 2217 nummo
411 2163 507 2229 ilibus]
536 2163 664 2228 Pompoo.
736 2168 768 2214 8⁰
786 2161 843 2212 lter
857 2158 959 2224 equitum
974 2153 1069 2218 muro]
1086 2154 1232 2203 Rhamnen-

131 2244 177 2296 lib.
189 2259 210 2295 1.
226 2243 255 2294 ff.
273 2245 316 2295 tit.
330 2242 362 2292 de
374 2243 472 2306 origine
482 2241 562 2303 luris,
573 2246 600 2290 et
611 2253 664 2289 om·
704 2237 778 2300 sium,
787 2234 949 2294 Titiensium,
959 2231 1001 2281 rel
1019 2227 1187 2291 Tutiensium,
1204 2232 1231 2278 et

132 2321 204 2370 ninm
216 2319 573 2385 Magistratnom,&c.§.2⁰.
599 2315 664 2365 ‘lis-
705 2317 843 2375 Lucerum,
859 2308 1096 2374 dequibussupre.
1127 2303 1231 2366 asnje-

132 2397 193 2446 dem
208 2395 449 2460 temporibus,›cum
460 2392 534 2457 plebs
554 2391 666 2456 apatri·
703 2387 847 2441 vat'Serril
863 2384 942 2436 rerba
963 2381 1056 2432 afferre
1068 2379 1100 2430 ad
1110 2379 1179 2428 bnuc
1189 2377 1233 2427 Ε·

131 2475 182 2524 bus
200 2474 361 2537 secessisset,
381 2486 447 2522 anno
475 2470 531 2520 lere
554 2469 665 2533 septimo
703 2465 793 2517 ueidos
802 2477 903 2514 versum
914 2461 960 2510 lib.
975 2473 1004 2508 v.
1025 2455 1232 2519 ‘'lberequitum

132 2549 238 2600 decimo
248 2555 307 2612 post
319 2549 402 2613 Reges
414 2545 665 2607 exactos,Tribuuos
704 2552 811 2591 numero
836 2545 938 2600 turma,
960 2533 1082 2598 ternique
1105 2538 1233 2594 vagantur

131 2621 667 2686 sibiiumoutesacrocreavit,qniessent
705 2616 853 2668 Ductores!
874 2617 883 2644 ⁴
894 2615 959 2664 Rem
978 2611 1102 2660 Romanae
1115 2605 1233 2668 militia,’

133 2699 233 2766 plebeii
255 2699 442 2763 Magistratus:
466 2696 531 2745 dicti
548 2693 665 2758 Tribuni,
703 2693 797 2758 iuquit,
823 2692 886 2740 ‘suo
907 2687 1000 2738 luserit
1019 2683 1145 2735 carmini:
1172 2695 1232 2730 nam

133 2777 204 2843 quod
217 2775 278 2828 olim
292 2776 318 2824 in
337 2781 392 2824 tres
404 2781 494 2838 partes
506 2772 616 2836 populus
628 2770 666 2820 di·
704 2771 807 2819 constat
826 2765 910 2830 primo
922 2770 975 2812 tres
992 2755 1074 2809 'i'uisse
1088 2762 1174 2820 partes
1187 2769 1233 2817 po-

132 2853 206 2903 risus
215 2859 281 2915 erat,
291 2859 318 2901 et
328 2865 361 2899 ex
371 2849 477 2912 singulis
493 2847 586 2910 singuli
597 2859 668 2895 creo·
707 2844 763 2910 puli
780 2843 855 2892 Rom.
873 2853 950 2889 naam
968 2834 1126 2886 Totientlum
1145 2829 1234 2880 aTito

132 2927 248 2979 bantur:
267 2928 307 2976 rel
323 2925 384 2991 qula
401 2924 525 2974 Tribuum
544 2921 667 2985 suffragio
706 2921 782 2970 Tatio
799 2917 866 2967 duee
881 2913 1042 2972 Sabinomm,
1064 2909 1121 2971 jam
1150 2904 1234 2956 amico

133 3001 310 3054 creabantur!
342 2999 440 3050 Eadem
456 2998 535 3049 babet
551 2998 662 3062 Dionys.
707 2991 886 3059 postfoedera,
904 2989 1011 3037 alteram
1030 2979 1235 3033 Rhamnetuma

134 3079 271 3129 italicam.
282 3077 369 3127 libri.
378 3075 422 3124 ubi
431 3075 568 3124 Romulum
580 3073 625 3130 ait,
637 3071 664 3121 lu
703 3070 821 3131 Romulo,
834 3065 940 3118 tertiam
962 3064 1100 3120 Lucerum,
1117 3067 1236 3121 quornm,

134 3163 190 3205 tres
212 3161 300 3219 partes
314 3152 395 3203 diuisa
410 3149 531 3200 universa
548 3149 665 3198 multitu·
704 3145 846 3197 secundum
855 3139 1236 3202 Livium,etnomeu,etcaosa

135 3233 207 3296 diue,
223 3230 329 3294 singulis
341 3229 496 3294 praclarum
508 3225 619 3289 aliquem
631 3223 667 3273 ri·
704 3224 732 3273 in
748 3223 851 3274 occulto
863 3224 932 3270 aunt·
964 3215 1047 3264 Varro
1059 3221 1146 3263 tamen
1163 3205 1236 3270 dicit,

134 3325 193 3361 rum
209 3310 303 3359 ducem
322 3304 509 3370 praeposuisse:
525 3300 621 3350 deiude
638 3313 667 3350 u·
708 3298 845 3349 Romulum
863 3290 1030 3344 dimicantem
1048 3285 1237 3338 contra'l'itum

134 3395 325 3450 numquamque
338 3393 438 3430 rursum
450 3377 575 3428 indecem
587 3376 667 3439 parti·
707 3373 821 3436 Tatium,
849 3386 865 3420 a
892 3366 1092 3427 Lucumonibus,
1116 3363 1166 3412 boc
1186 3367 1236 3424 est,

135 3452 668 3526 tum,totidemfortissimosriroseisfiproe·
708 3450 830 3512 Theseis,
846 3445 942 3497 auxilia
967 3443 1132 3508 postulasse;
1167 3436 1236 3486 unde

135 3539 253 3590 fecisse:
260 3535 317 3586 Has
325 3531 433 3598 triginta
441 3529 543 3591 Curias,
554 3527 612 3576 illas
627 3534 668 3578 ter
708 3526 814 3592 qnidam
832 3523 905 3572 venit
920 3533 978 3570 cum
990 3515 1118 3578 exercitu,
1135 3511 1185 3575 cul,
1196 3525 1237 3562 re·

135 3615 232 3668 Tribus
246 3623 360 3662 vocasse.
392 3605 442 3656 11ae
451 3605 544 3654 Tribus
555 3603 669 3667 appella·
709 3606 786 3664 cepto
791 3600 845 3664 Jam
855 3595 940 3654 Tatio,
952 3609 1011 3662 pars
1022 3591 1094 3641 urbis
1102 3597 1144 3640 est
1154 3588 1217 3637 dala
1230 3605 1237 3637 r

137 3701 173 3743 tae
192 3695 256 3741 sunt
276 3681 457 3743 Rhamnensis,
483 3679 620 3741 Tatiemis,
641 3684 669 3729 et
707 3676 777 3730 unde
797 3677 823 3726 in
839 3674 902 3725 urbe
913 3673 1029 3722 Tbuscus
1045 3668 1131 3720 dietus
1149 3674 1189 3719 est
1201 3668 1237 3717 vi·

137 3769 279 3820 Lucerum.
300 3757 482 3821 Rhamnensir,
515 3771 531 3806 a
557 3755 668 3826 Romulo
709 3767 763 3806 cos.
795 3753 889 3804 Horat.
904 3746 1050 3800 Achrusci
1067 3745 1144 3795 turba
1159 3741 1238 3806 impia

136 3845 215 3909 ipso;
232 3837 363 3890 Taticnsis
376 3849 393 3884 a
408 3833 468 3884 Tito
486 3821 581 3896 Tatio,
597 3831 671 3882 Sabi·
708 3830 770 3882 vici.
791 3821 1042 3893 ErgoaLuoomone
1052 3823 1163 3872 Luceres
1174 3817 1239 3866 dicti

137 3936 230 3973 norom
250 3929 327 3982 rege3
349 3913 463 3962 Luceres
483 3911 526 3960 uel
548 3924 563 3959 a
589 3909 671 3958 Lucu·
710 3914 790 3958 sunto
822 3903 893 3967 Ergo
914 3901 941 3951 in
963 3908 1017 3951 tres
1036 3903 1123 3962 partes
1143 3892 1239 3968 dirlsoa

138 4009 227 4057 moue,
238 3993 281 4043 vel
292 3989 387 4040 aLuoo
400 3987 470 4052 Asyli
482 3985 508 4036 in
520 3998 596 4050 quem
605 3985 669 4034 mul·
710 3990 766 4034 erat
777 3980 897 4046 popolus,
908 3975 973 4028 adeo
990 3983 1028 4038 ot,
1047 3973 1091 4039 qni
1104 3970 1181 4020 etiam
1193 3968 1238 4016 u'ui

139 4076 171 4134 ti,
190 4070 257 4135 luga
270 4066 361 4130 delati,
379 4061 486 4114 civitate
508 4061 598 4112 donati
614 4059 670 4110 tire·
710 4062 826 4124 praerat
846 4053 925 4119 porti,
944 4050 1071 4100 Tribunus
1090 4045 1237 4096 diceretur:

139 4153 210 4198 rant.
232 4139 588 4195 Eademnomiuacmturire
600 4135 671 4201 equi·
711 4133 781 4182 unde
797 4131 877 4180 etiam
902 4133 1001 4176 sumtus
1019 4121 1073 4173 dati
1094 4136 1109 4171 a
1133 4119 1238 4186 populo,

141 4232 197 4274 turn
209 4236 243 4272 ex
253 4220 286 4271 iia
297 4217 425 4268 Tribubor
436 4215 546 4265 delecta
557 4213 670 4266 retinue·
710 4207 822 4261 Tributa
832 4198 1013 4256 nominantur:
