3000 4882
560 369 759 420 nrtsuonn.
1134 363 1198 428 729

97 511 296 576 ¹meritutem
318 527 440 591 voces3
462 529 515 576 me
539 528 630 591 vero,
656 517 688 576 et
711 511 911 591 consultum,
933 517 966 578 et
990 531 1086 596 quem
1114 516 1199 583 lilius

115 612 237 675 debeat
248 609 382 688 imitari,
399 610 537 675 salutari
552 610 733 693 prudentie
750 612 923 697 praeditunr
939 614 1058 680 diensi
1095 616 1199 695 Quod

113 712 265 794 equidem
280 716 467 776 contruest.
511 711 601 777 Nem
622 720 660 778 tu
683 733 812 780 summe
835 716 884 779 sic
908 715 1054 798 appetis,
1074 723 1198 784 utnon

115 811 271 878 decidas:
296 819 452 876 senectus
466 831 542 878 meu
556 813 640 878 sutis
653 814 766 893 babet,
780 815 810 879 si
824 816 992 881 consistat.
1035 814 1088 882 27.
1110 818 1198 885 Haeo

114 911 159 976 ud
175 918 207 978 te
221 912 373 990 breviter,
388 919 422 976 et
433 913 538 991 illico,
557 915 707 997 vesperis
720 913 811 979 illius
827 920 939 979 secuto
953 933 1050 980 mane
1064 915 1199 984 dictavi.

115 1013 173 1077 Ita
186 1013 274 1077 enim
294 1014 486 1078 tabellarius
510 1020 597 1092 tuus,
620 1022 658 1079 ut
680 1016 856 1099 epistolem
877 1015 1019 1094 referret,
1040 1018 1208 1085 instabat,

116 1113 210 1178 Nem
222 1114 252 1178 si
266 1114 347 1194 mibi
363 1116 466 1180 otium
479 1115 590 1193 suerit,
612 1116 810 1182 oblectabile
823 1118 991 1200 negotium
1014 1119 1077 1182 erit
1097 1119 1140 1184 ud
1163 1125 1198 1185 te

114 1215 282 1378 ξῖτοίἰκίυε
310 1215 458 1295 delirare,
498 1223 530 1283 te
563 1222 601 1282 ut
629 1217 773 1298 elicium,
800 1218 880 1283 mibi
915 1225 955 1282 ut
982 1219 1197 1286 satisfaciam.

152 1316 216 1379 ele.

113 1451 164 1558 esee
173 1509 319 1568 pudentem,
335 1511 360 1556 et
369 1507 509 1560 messum
516 1506 582 1574 suto,
597 1508 738 1558 murem
747 1508 843 1562 comitis
852 1505 996 1572 salutifero?
1029 1507 1096 1566 Quod
1106 1515 1167 1560 certe
1176 1525 1201 1560 se

114 1571 185 1620 hebet
195 1573 314 1622 contrario
323 1574 398 1624 modo.
432 1571 467 1622 tu
476 1573 539 1621 euim
549 1573 583 1621 sie
593 1573 671 1621 tendis
680 1574 712 1621 sd
720 1587 836 1636 nmmo,
846 1577 873 1621 ut
882 1588 928 1623 stou
938 1573 1070 1624 debueris:
1085 1581 1111 1623 ut
1121 1574 1147 1623 is
1157 1573 1201 1626 itus

112 1640 224 1698 prosectu
233 1641 303 1685 utute
310 1641 430 1686 costerius
439 1651 499 1699 mm,
514 1639 650 1686 umanum
659 1635 686 1684 iu
696 1639 775 1688 eodem
785 1639 840 1686 loeo.
874 1637 936 1687 Hoee
952 1636 1061 1699 breuiter,
1076 1642 1099 1686 st
1116 1639 1199 1688 statim

113 1699 240 1748 matutinis
249 1699 321 1761 toris,
337 1715 390 1763 qsoe
403 1705 543 1763 exceperunt
560 1699 626 1748 idum
640 1713 768 1761 uesperum,
785 1700 875 1750 dictust
893 1703 924 1749 ud
942 1705 965 1750 te
981 1701 1104 1749 mittendo.
1136 1701 1200 1750 Num

113 1763 314 1813 inbellarisstuus
323 1764 522 1826 sicsrgebotme,
537 1769 565 1812 st
583 1767 713 1828 reportaret
733 1766 764 1812 sd
778 1768 803 1813 te
822 1765 902 1813 liturus
920 1778 991 1813 meus.
1023 1763 1053 1812 Si
1068 1763 1130 1812 esim
1140 1764 1199 1812 mibi

111 1829 242 1889 moeret,
257 1829 304 1878 erit
314 1829 372 1877 milri
382 1828 609 1890 occupatiojnsusds
620 1827 720 1890 ineptire
731 1826 813 1886 seems
823 1829 854 1877 ud
867 1832 891 1877 te
901 1827 1029 1890 κήὸεηὼ,
1045 1831 1072 1876 st
1079 1841 1200 1892 provocem

116 1895 140 1940 te
150 1893 182 1939 ud
192 1893 383 1955 respondendum,
399 1897 424 1940 et
432 1897 459 1941 st
467 1891 526 1941 stibi
533 1889 687 1951 satisfactum.
723 1889 788 1941 Vale.

571 2045 750 2068 mmm

114 2161 212 2212 Tollius
224 2174 256 2210 su
267 2160 370 2211 codices
380 2161 440 2210 olim
452 2159 560 2226 seripti=
576 2167 603 2211 tu
613 2162 749 2212 ursticium.

289 2426 359 2474 xx.
383 2425 572 2476 Ausonius
597 2427 763 2478 nsunmo
787 2429 817 2477 s.
841 2430 873 2479 Ρ.
893 2430 927 2477 n.
969 2414 1034 2479 410

117 2560 298 2624 Pennino
314 2557 498 2636 Ausonius.
541 2559 688 2628 Mettum
702 2563 751 2628 sie
767 2564 885 2641 suasit,
907 2569 946 2628 ut
958 2581 1051 2628 esses

157 2660 214 2727 Tu
229 2660 330 2744 prior,
347 2665 381 2726 et
393 2680 513 2727 nomen
527 2663 766 2748 praegrederere
780 2683 900 2728 meum.

150 2867 255 2942 pustino
265 2867 385 2918 Asuuius
394 2869 493 2918 subtere
503 2869 572 2920 dicit.
603 2867 656 2919 Lem
665 2867 777 2920 messinis
786 2868 822 2918 itu
834 2869 940 2944 perpulit
956 2882 1002 2930 uss,
1016 2871 1052 2942 st·
1061 2872 1085 2916 te
1099 2879 1206 2940 musteus

114 2945 228 2996 perorem,
243 2935 304 3010 etue
320 2938 348 2983 ts
361 2935 506 2998 procederes
522 2947 598 2984 strum
614 2948 706 2984 eomes.
740 2933 852 2990 meuses
870 2946 952 2982 rerem
967 2937 996 2982 ts
1011 2944 1079 2994 pnes·
1093 2943 1118 2979 es
1133 2930 1205 2978 tetulo

611 3083 637 3134 N
640 3084 718 3135 0¹1³AE

151 3201 166 3246 1
180 3196 279 3246 Psuiim
290 3196 416 3247 dommus.
432 3197 539 3246 Mettum
548 3195 645 3245 desse·
684 3201 715 3246 ut
723 3195 767 3244 ris
774 3191 997 3244 metriueoessltss
1004 3205 1062 3241 eum
1070 3196 1207 3241 excusaret

116 3271 225 3336 sime]
241 3273 321 3322 Metri
330 3272 645 3334 rstioueeoeetumseslt,
685 3271 729 3335 qui
744 3283 837 3320 nomeu
855 3282 927 3319 suum
944 3272 1116 3331 preponeret.
1147 3266 1209 3315 Duo

117 3353 150 3396 ut
172 3347 284 3411 Paulini,
304 3348 338 3396 ud
350 3363 425 3413 quem
437 3347 537 3412 scribit,
553 3361 646 3398 nomen
687 3345 786 3410 profert
797 3345 915 3411 exemplu
925 3343 1072 3407 llssposius,
1080 3341 1208 3408 Hadriani

116 3435 167 3470 suo
188 3429 365 3486 preponeret,
384 3429 477 3473 oontrs
497 3422 647 3472 bstiuorurn
686 3435 725 3473 tv.
743 3422 907 3486 quiseeepte
918 3419 1043 3469 Friderlci
1054 3417 1209 3482 Epistolsiu

118 3495 647 3562 Greeorumqueseribendiruorem,spud
685 3509 737 3562 qus
749 3509 848 3548 nomeu
860 3494 1024 3546 Pontificum
1040 3494 1209 3560 postpositum

118 3585 185 3635 quoe
197 3570 302 3622 sieeunt
311 3571 385 3622 luitis
393 3572 580 3636 Epistularum:
593 3571 647 3621 Au·
686 3570 787 3635 fuisset,
803 3571 840 3621 sie
858 3571 897 3620 irs
907 3575 1048 3620 commotus
1059 3577 1109 3633 est,
1124 3575 1155 3618 ut
1171 3568 1210 3617 lu·

118 3646 208 3696 eonius
218 3646 337 3698 Psuliuo.
363 3648 439 3699 cetus
450 3647 550 3697 Plinius
561 3648 648 3712 Trsje·
686 3645 840 3696 flsmmstsm
851 3645 1006 3695 rescriberet
1016 3644 1169 3707 Epistolsm3
1181 3647 1211 3692 et

119 3736 157 3772 uo
178 3720 344 3784 Imperstorl.
375 3720 541 3787 Ἀριστοτέλης
555 3724 652 3780 βασιλεῖ
687 3721 815 3772 Helolsere
826 3721 864 3771 its
872 3720 906 3770 de
915 3721 947 3769 P.
958 3717 1096 3769 Abrelerdo
1104 3731 1210 3782 quereu-

117 3794 271 3861 Ἀλεεώῠρφ.
303 3797 370 3848 Inde
388 3804 475 3849 temen
489 3799 648 3848 messionem
688 3797 737 3850 tis:
754 3797 939 3848 ‘Miroruniee
956 3795 1024 3860 quod
1044 3801 1140 3859 preter
1150 3803 1210 3842 eon·
1257 3849 1260 3858 ⁴

120 3871 290 3934 erripitsstis
301 3871 384 3922 lesem
395 3885 452 3922 meo
463 3872 563 3937 quidem
576 3872 647 3935 judi·
689 3873 851 3923 suetudinem
868 3869 1050 3934 Epistularum,
1065 3870 1210 3918 immooou·

119 3946 165 3994 olo
178 3945 313 3996 Paulinum
324 3947 472 3998 extollendi.
491 3946 525 3996 Iu
533 3961 583 4012 quo
592 3952 649 3998 tots
687 3954 729 3998 trs
739 3948 821 4012 ipsum
831 3945 945 3995 ordinem
956 3944 1105 4002 neutralem,
1115 3939 1141 3986 iu
1151 3937 1209 4000 lpse

119 4020 236 4069 vertitur
248 4020 375 4083 Epistola.
686 4019 773 4072 monte
784 4019 943 4071 seiutetloule
951 4015 1100 4082 Epistolsris
1108 4026 1149 4064 rue
1159 4011 1210 4062 tibi

155 4094 648 4162 'Musunsisssesitstessss'llspriod
688 4091 1032 4179 preponereprresumsistlss

121 4172 165 4221 Es
181 4171 342 4223 consuetudo
359 4171 397 4222 sie
414 4170 518 4222 taudem
533 4171 650 4234 invaluit,
