3026 4898
609 379 789 430 EDYLLlA.

156 521 311 585 Exteruae
324 538 364 583 ne
378 519 459 602 qnid
474 519 561 584 labis
575 539 635 603 per
649 519 748 587 laevia
763 521 859 586 sidat.

156 621 231 698 Ille,
250 620 321 684 dies
335 639 435 704 quam
448 620 566 701 longus
580 621 657 700 erit,
678 624 743 687 sub
757 621 865 688 sidere
879 619 1013 702 Cancri,

155 720 357 804 Quantaque
371 738 441 783 nox
456 721 583 802 tropico
597 740 633 784 so
646 720 783 805 porrigit
795 723 829 786 in
843 719 1060 806 Capricorno,

155 820 302 903 Cogitat,
324 827 357 884 et
371 820 466 903 justo
485 820 618 884 trutiuae
638 839 676 885 se
691 821 844 886 examine
858 820 982 904 pendit,

155 921 211 985 Ne
223 920 305 1003 quid
317 921 397 997 bist,
418 918 550 1002 nequid
565 921 764 1003 protuberet,
784 923 925 1004 angulus
940 923 1047 1005 eequis
1195 932 1238 996 10

155 1021 316 1085 Partibus
329 1025 366 1084 ut
380 1019 490 1096 ooiiat,
505 1020 552 1084 nil
564 1025 599 1086 ut
613 1020 729 1088 ddiret
742 1023 900 1099 amussis,

153 1192 216 1236 teres
230 1193 255 1238 et
265 1191 395 1239 rotundas:
417 1195 445 1238 at
461 1190 522 1240 stitit
539 1195 659 1240 mrem
677 1191 753 1242 sordis
765 1191 885 1243 odboereot
895 1195 922 1244 irs
934 1196 1010 1260 polito
1019 1197 1150 1264 sspepteic.
1183 1199 1237 1256 ille,

153 1253 302 1312 quotannis
310 1252 361 1301 dies
375 1255 589 1315 altisonantiam
600 1253 642 1304 Sol
659 1260 694 1304 est
710 1256 737 1304 ist
745 1257 813 1318 signo
825 1259 921 1320 Cauri,
938 1265 962 1309 et
979 1267 1091 1324 pacatam
1107 1262 1177 1322 longa
1187 1277 1236 1312 son
1323 1305 1327 1311 .

151 1327 201 1362 sese
216 1317 337 1427 actm
349 1331 401 1365 can
412 1317 453 1366 det
463 1323 499 1392 ert
509 1319 535 1366 irs
547 1317 644 1392 d'roptco
662 1319 810 1396 Comini,
819 1323 949 1371 meditatas·
958 1329 981 1372 et
991 1338 1040 1374 rese
1048 1327 1162 1400 puscet
1170 1339 1236 1388 aquo

154 1392 283 1504 Ἢ...
299 1381 522 1510 reddibit
527 1381 800 1509 mmm
811 1389 1240 1514 mnt‘tttt‘tt‘t

606 1585 786 1606 &mmm

153 1693 227 1730 conns
238 1680 391 1742 glossemata
399 1679 536 1730 videntur!
569 1681 710 1730 leuto-u
720 1681 762 1732 Sic
771 1682 917 1734 emendavit
925 1683 1093 1749 Heinsina‚ex
1105 1687 1241 1736 veterrimo

644 1807 753 1860 NOTAE

155 1907 226 1952 totns
237 1902 263 1952 in
274 1918 301 1953 se
311 1904 434 1954 collectus
445 1910 474 1954 ut
483 1902 599 1954 mundus.
717 1903 776 1954 Sole
793 1905 819 1954 iu
840 1903 990 1969 Capricorni
1009 1904 1137 1969 principio
1147 1908 1240 1956 cousti-

189 1979 260 2027 Teres
269 1984 338 2042 utque
348 1981 468 2042 coimus,
479 1978 533 2043 nc]
549 1981 678 2041 Expressa
718 1987 784 2044 tuto,
798 1981 971 2044 longissimam
989 1987 1051 2030 tunc
1070 1995 1126 2030 esse
1137 1990 1239 2032 noctem

155 2055 211 2104 ltaec
222 2068 256 2103 ex
267 2055 359 2106 Horat.
372 2056 417 2106 lib.
429 2070 460 2106 tr.
478 2056 533 2105 Sat.
545 2060 569 2105 7.
587 2055 678 2106 ‘Qnts-
716 2069 824 2105 necesse
834 2061 883 2105 cst.

156 2141 216 2177 uam
237 2129 316 2192 igitur
333 2129 415 2179 liber?
431 2130 550 2194 Sapiens,
567 2128 615 2177 sibi
635 2128 677 2192 qui
747 2134 764 2179 9
779 2131 850 2179 doato
868 2131 966 2179 trutisroe
980 2144 1005 2178 se
1022 2131 1140 2196 cumas]
1156 2133 1240 2182 Vetus

157 2203 324 2264 imperiosus:
342 2205 426 2256 Quem
437 2218 520 2267 ueqne
532 2203 677 2267 pauperies,
718 2202 871 2254 scholiastes
883 2203 968 2254 Persii
980 2205 1012 2254 ad
1029 2205 1096 2254 hune
1108 2207 1164 2269 ejus
1174 2221 1241 2256 vers.

156 2290 241 2340 neque
250 2291 329 2340 mors,
343 2292 427 2342 usquc
442 2278 544 2327 vincula
560 2284 677 2328 terrent:
717 2279 773 2329 Sat.
784 2292 804 2329 r.
822 2279 987 2329 ‘Examenve
1006 2280 1148 2343 improbum
1159 2282 1185 2331 iu
1197 2283 1242 2332 illa

157 2352 321 2414 Responsare
331 2353 502 2416 cupidinibus,
514 2359 679 2403 contemnere
720 2353 837 2417 (instiges
846 2354 960 2404 trutina!
986 2355 1136 2419 ‘Errantem'
1149 2357 1243 2420 inquit,

156 2429 266 2478 lrouorea
285 2430 387 2479 Fortis:
412 2430 486 2479 etin
505 2429 591 2491 seipso
610 2434 679 2479 totos
719 2428 885 2492 ‘estlingua
901 2429 944 2478 rel
955 2428 1120 2494 linum,qnod
1131 2430 1241 2482 mediant

157 2511 228 2554 teres
252 2511 328 2569 atque
357 2505 491 2568 rotondus,
518 2504 627 2554 Exterui
646 2518 680 2553 ne
718 2499 1243 2568 hastamadpendensadaequandstenet.

157 2580 221 2644 qnid
244 2580 328 2630 valeat
352 2595 399 2644 per
422 2581 488 2629 lere
508 2579 619 2630 morari:
648 2578 682 2627 In
720 2579 855 2642 Castigare
875 2585 960 2628 auteur
983 2586 1024 2628 ost
1050 2579 1131 2643 digito
1151 2580 1242 2630 libram

157 2667 234 2718 quens
254 2669 345 2704 manca
364 2655 417 2704 ruit
438 2668 540 2719 semper
557 2651 680 2716 sortuua‚’
721 2658 869 2715 percutere,
892 2658 923 2702 nt
943 2658 1111 2715 temperetur,
1137 2659 1166 2702 et
1187 2668 1242 2717 praa

157 2731 207 2778 tre.
238 2728 380 2779 Simonides
395 2736 492 2790 tuanen,
508 2728 576 2792 apnd
593 2729 682 2777 Plato·
721 2727 862 2790 agitatioue
880 2733 940 2790 post
956 2741 1057 2791 aequum
1068 2729 1242 2792 conquieseat.

157 2797 217 2850 neus
238 2803 265 2852 in
283 2804 438 2868 Protagora,
457 2803 608 2868 quadratum
627 2803 682 2853 vult
720 2801 833 2851 Trutiua
843 2815 905 2850 vero
913 2808 953 2851 est
962 2799 1087 2862 foramen,
1096 2801 1164 2851 intra
1174 2803 1244 2866 qnod

158 2876 253 2926 bonum
270 2878 351 2928 viroso
368 2893 444 2938 esse;
461 2879 560 2942 qualem
578 2877 681 2926 Mercu·
722 2882 764 2924 est
774 2875 881 2939 lingula,
894 2876 927 2926 de
947 2891 997 2940 qua
1015 2876 1168 2926 examinatio
1186 2877 1243 2928 ort!

159 2951 236 3014 rium,
253 2952 295 3017 qui
306 2953 363 3016 ipsa
374 2951 450 3004 Ratio
461 2959 510 3016 est,
525 2953 635 3002 Veteres
646 2951 683 3001 et·
696 2963 700 2972 ’
720 2949 1244 3012 Trntluaartamanprostaterasnauit'este

148 3025 300 3090 tingebant.
721 3023 819 3086 accipit
828 3023 961 3074 Vitruvius
977 3023 1021 3073 lib.
1038 3037 1066 3072 x.
1085 3037 1144 3086 cap.
1156 3028 1179 3074 8.
1195 3025 1244 3074 ‘ld

193 3103 459 3166 tdrbsidmcmterr]
469 3101 501 3152 ln
510 3101 592 3166 primo
602 3100 683 3165 gradu
722 3097 829 3161 autam:
852 3097 945 3162 iuquit,
969 3099 1028 3147 ‘ex
1050 3097 1162 3159 trutinis,
1187 3113 1243 3163 quas

160 3177 265 3238 Cannrt,
281 3179 313 3226 ad
331 3193 406 3243 quern
421 3178 465 3227 Sol
483 3192 540 3227 cunr
555 3175 684 3239 pervenit,
721 3177 826 3224 staterae
843 3171 972 3233 nouom,
985 3173 1048 3223 lieet
1065 3173 1245 3225 considerare?

161 3251 228 3301 diem
238 3250 318 3302 efficit
328 3255 355 3302 in
363 3254 413 3302 lsoe
421 3252 525 3302 Boresli
533 3251 683 3314 hemispba·
722 3245 775 3295 llic
785 3260 863 3310 purro
872 3247 992 3298 continua
999 3247 1153 3310 Metapbora
1162 3255 1213 3298 est.

160 3328 200 3376 rio
212 3327 291 3378 totius
302 3328 362 3378 aunl
375 3327 557 3390 longissimum.
755 3324 787 3371 1⁰
801 3322 911 3383 Amin
920 3322 1115 3384 ooobvl'orts'brsr
1128 3327 1155 3371 os
1169 3323 1247 3386 eoin]

193 3406 210 3449 8
227 3401 359 3464 Μέσσα
371 3401 486 3464 porrigit,
499 3399 552 3463 nc]
568 3399 592 3448 Α
610 3397 686 3462 rpus-b
723 3395 833 3447 vinetus
840 3395 895 3446 lrsec
904 3396 1011 3459 exponit
1020 3395 1054 3444 de
1062 3397 1157 3458 angulo
1164 3406 1244 3446 recto.

160 3475 273 3525 reversio
283 3475 436 3538 fittropiens
444 3473 684 3538 adjectirttm‚qned
724 3472 781 3534 Ego
791 3473 875 3521 malint
887 3471 1031 3535 intelligere
1041 3472 1073 3521 de
1085 3473 1187 3534 angulo,
1202 3487 1246 3522 cu·

161 3558 248 3600 tamen
258 3551 352 3615 saepius
362 3551 480 3600 absolute
494 3549 609 3612 punitur,
625 3547 684 3596 snb·
719 3545 764 3608 jos
781 3560 858 3596 crura
873 3545 927 3594 sive
945 3545 1020 3594 linere
1031 3546 1151 3608 augurium
1163 3545 1245 3609 ipsum

160 3623 331 3688 intelligendo
353 3625 495 3684 circulum
520 3629 549 3671 nt
570 3623 685 3685 tropiens
724 3618 981 3682 comprehendentes,
1003 3619 1054 3668 aiut
1075 3620 1144 3668 inter
1164 3634 1192 3669 se
1214 3637 1248 3670 a·

161 3693 685 3762 AEstirus,tropiensllylseruus'‚tropicns
725 3693 823 3757 quales.

163 3772 267 3837 Cancri,
284 3779 330 3823 artt
342 3772 504 3836 Capricorni,
519 3771 620 3821 seilicet
636 3771 686 3820 cir·
759 3773 788 3820 ll
807 3768 852 3818 Ntt
866 3773 893 3817 stt
904 3767 988 3818 deliret
997 3766 1107 3829 massis]
1131 3768 1248 3820 Delirare

161 3848 242 3897 culus.
276 3847 312 3896 ili
329 3847 381 3896 duo
398 3860 490 3912 nempe
505 3844 608 3896 termini
618 3851 687 3908 sunt,
726 3846 861 3908 satalira,
876 3843 1248 3905 becest,sulcoractodedec.·

163 3921 196 3970 ad
205 3936 269 3986 qnos
279 3935 337 3972 cum
347 3921 393 3971 Sol
402 3920 530 3985 persenit,
539 3919 637 3970 reverti
647 3919 687 3968 in·
725 3928 791 3972 tere.
812 3921 928 3970 Amussls
939 3921 1035 3984 regola,
1046 3927 1089 3968 aut
1100 3920 1178 3968 etiarn
1190 3933 1247 3981 per-

163 3995 228 4059 cipit
248 3996 359 4046 Boream
379 4002 426 4045 ant
444 3993 569 4046 Austrum
588 4007 686 4043 venus.
726 3995 898 4061 pendiculum,
908 4009 958 4061 qno
969 4009 1047 4059 opera
1057 3993 1201 4044 examinare
1212 3992 1250 4043 fa·

164 4071 323 4120 Brevissima
343 4083 419 4134 porro
440 4069 518 4122 totins
539 4067 598 4117 anni
620 4067 686 4127 dies,
726 4070 867 4122 brisoleut.

164 4158 222 4208 qua
243 4143 333 4195 bruma
350 4144 455 4208 dieitur,
476 4157 534 4194 cum
553 4142 687 4206 contingat
