3000 4882
503 377 729 428 onn'rmnuu
754 359 877 429 icnro.
1170 371 1234 436 789

140 509 203 593 tur,
227 536 280 594 an,
308 517 397 601 quod
417 519 489 581 in¹⁰
510 521 716 602 procinctu,m
739 521 931 589 Centuriata
954 525 1130 595 dicenturl
1176 529 1232 594 Au

139 616 195 702 (ut
208 616 413 702 quondam)¹¹
435 619 647 685 Pontificalia
660 625 881 703 vocabuntur,
905 628 976 690 sine
991 631 1127 695 arbitrio
1138 653 1140 658 ·
1151 632 1233 694 mul·

139 721 290 785 titudinis
306 723 513 786 sacerdotum
528 730 672 788 tractata
688 725 854 806 collegio?
901 728 959 792 Sic
974 732 1099 812 potius,
1112 733 1162 796 sic
1175 754 1233 797 vo-

139 827 292 901 centur,¹¹
315 843 392 906 quae
414 829 450 887 tu
476 824 638 888 Pontifex
654 825 826 892 Maximus
846 830 922 894 Deo
936 833 1160 915 participatus
1175 835 1232 898 ba-

138 925 254 988 buisti.
295 926 349 990 43.
374 924 453 989 Non
470 931 521 988 est
536 927 661 1006 ingenii
676 929 752 1006 mei,
775 929 922 1011 piissime
939 931 1136 1014 Imperator,
1151 937 1233 999 talia

138 1026 353 1091 comminisci.
398 1025 515 1091 Verba
540 1034 617 1091 sunt
639 1029 805 1092 literarum
829 1037 977 1096 tuarum:
998 1023 1117 1115 quibus
1141 1037 1231 1117 apud

111 1189 116 1198 ,
137 1129 427 1192 menuctoritatem
439 1131 559 1192 summi
569 1131 719 1207 numiniS,
729 1137 761 1194 et
772 1133 839 1196 vim
853 1139 920 1196 tuae
931 1135 1110 1199 voluntatis
1121 1141 1146 1173 ¹²
1161 1156 1231 1200 am·

137 1229 281 1313 plificas.
333 1231 390 1294 Sic
419 1232 505 1295 enim
531 1232 697 1316 loqueris:
736 1233 821 1298 Cum
849 1253 897 1300 nu
921 1237 1162 1302 eonsnnrnns
1187 1253 1240 1302 ru·

137 1348 277 1396 Annum
301 1349 492 1398 onununts
517 1350 635 1398 sonus
663 1353 793 1400 nnoun
818 1354 1063 1418 VOLUTAREM,
1098 1357 1146 1404 nr
1169 1349 1229 1404 ‘uu

138 1449 262 1513 nosne,
287 1452 336 1499 ur
362 1452 508 1500 racana
534 1447 688 1517 DEBU1,¹³
715 1455 763 1503 ur
788 1458 910 1504 vunnu
935 1459 982 1504 ra
1006 1453 1117 1515 scrvr,
1139 1458 1229 1506 oon·

117 1527 271 1601 ‘siarum
296 1554 405 1601 nuum
430 1555 481 1602 an
506 1540 621 1602 Duum
646 1556 803 1604 nurum.
847 1541 944 1605 Erus
967 1539 1225 1606 nuoronrn'nnl

138 1654 363 1717 obsecunda,
386 1655 433 1702 uu
449 1638 660 1704 consonant
686 1657 969 1718 oasrounv1,nn
994 1653 1225 1720 nuscanum,

136 1757 182 1806 ar
207 1757 377 1805 rnrouun
401 1757 637 1805 uunournvr.
680 1743 736 1806 44.
759 1740 863 1825 Cujus
886 1743 1048 1806 orationis
1069 1743 1150 1807 ordo
1174 1744 1227 1808 lu-

135 1843 268 1907 cidiori
314 1842 400 1920 Quae
423 1842 574 1907 doctrina
592 1849 660 1907 tam
685 1842 826 1926 diligens
849 1845 996 1927 propriis
1012 1844 1223 1912 comitiorum

133 1946 244 2010 verbis
258 1944 362 2029 loqui,
378 1963 440 2008 nec
455 1946 631 2009 vocabulis
646 1946 745 2008 moris
760 1947 892 2028 antiqui
905 1947 1039 2012 nomina
1053 1948 1225 2030 peregrina

130 2155 163 2189 an
176 2140 315 2189 centuriata
325 2140 435 2202 quoniam
444 2139 513 2202 fiunt
523 2139 550 2188 in
558 2138 700 2201 procincto?
729 2143 768 2190 An
779 2142 885 2192 dicentur
895 2143 1054 2207 Pontificullo,
1065 2147 1092 2191 ut
1103 2157 1154 2205 qua
1165 2143 1223 2192 olim

122 2205 217 2268 fiebunt
227 2219 242 2254 a
252 2206 346 2265 collegio
357 2203 502 2266 Pontificum
516 2204 601 2267 ubsque
615 2203 739 2268 suffragiis
752 2206 847 2268 plebis?
875 2209 916 2255 lta
933 2208 1020 2268 patius,
1031 2208 1066 2255 ila
1075 2208 1223 2270 appellentur

130 2271 180 2318 lter
190 2284 241 2332 puoe
254 2274 282 2316 tu
294 2268 408 2327 Pontifex
417 2269 539 2317 Manlrntu
549 2269 675 2317 exercuisti
686 2271 856 2319 communicans
865 2285 915 2321 curn
927 2271 986 2321 Dec.
1020 2272 1077 2319 Non
1087 2277 1123 2319 eet
1135 2273 1222 2319 neumi-

129 2334 169 2382 nis
179 2333 226 2382 met
235 2333 368 2394 exceptare
377 2333 445 2394 tutia,
458 2333 564 2396 pilesirne
574 2333 703 2395 Princeps:
714 2333 751 2381 lue
758 2339 813 2382 eunt
824 2335 882 2398 ipse
893 2350 957 2384 nores
967 2335 1081 2397 Epistola
1090 2341 1153 2394 nau
1170 2335 1222 2397 qut-

130 2399 173 2446 bue
184 2398 241 2446 milri
251 2411 382 2460 exaggeras
394 2397 558 2446 auctoritatem
573 2397 676 2458 supremi
691 2398 801 2459 numinis,
811 2405 835 2447 et
846 2401 970 2464 fferam
980 2401 1016 2448 tut
1030 2399 1130 2449 emilii.
1160 2401 1222 2448 Nona

129 2463 167 2510 ita
178 2463 290 2525 loqueris:
309 2462 373 2511 Com
391 2464 461 2510 solus
480 2460 621 2509 meditarer
632 2461 700 2524 apud
716 2476 757 2511 me
775 2462 808 2511 de
822 2463 947 2526 eligendis
958 2463 1112 2513 Consulibus
1131 2463 1156 2511 in
1177 2477 1222 2511 au·

131 2539 202 2586 num,
215 2527 278 2589 petii
290 2541 304 2574 a
317 2526 373 2575 Deo
389 2525 532 2587 consitium,
543 2533 573 2573 nt
591 2525 641 2574 scis
657 2539 698 2574 me
714 2528 796 2586 roure,
808 2535 836 2577 ut
854 2529 979 2577 debebam
995 2527 1093 2588 faeere,
1105 2535 1134 2577 nt
1145 2539 1224 2576 nove-

131 2605 185 2638 ram
205 2597 231 2638 te
242 2604 348 2653 cupere.
383 2589 515 2640 Obediens
531 2589 585 2653 ejus
596 2591 725 2639 voluntati
742 2590 873 2652 designavi
887 2600 913 2642 le
925 2594 1072 2653 Consulem,
1083 2598 1111 2642 ct
1129 2606 1222 2641 renun-

130 2655 201 2716 tiavi,
220 2660 247 2703 et
257 2654 391 2717 appellavi
411 2655 530 2716 priorem.
565 2654 692 2714 Capuanum
708 2657 822 2704 cratianus
839 2657 925 2704 clarior·
940 2653 1080 2706 uerterent?
1107 2656 1222 2711 Quaenam

127 2720 229 2768 eruditio
239 2721 295 2768 adeo
305 2723 414 2768 aramma
423 2718 449 2766 in
459 2717 596 2768 adhibendis
609 2717 712 2780 propriis
721 2719 797 2768 uerbis
813 2720 969 2782 comitiorum,
979 2735 1051 2783 neque
1066 2719 1220 2768 admucerrdr’e

586 2869 766 2891 ”meeum

130 2969 278 3020 Detendom
298 2974 384 3018 monet
403 2966 534 3016 Acidaliae
551 2965 581 3016 rb
601 2973 629 3018 ut
646 2969 688 3018 uel
707 2971 838 3031 quod-lt
856 2968 940 3031 Volgo
959 2982 1061 3017 omnes:
1086 2971 1219 3015 nocetur.-

129 3041 160 3084 lu
178 3039 186 3062 ‘
202 3037 233 3082 Et
243 3038 270 3082 ut
286 3039 333 3082 tun
345 3032 482 3094 uoluntatis]
498 3031 529 3080 Tb
540 3038 566 3081 ut
585 3040 656 3082 recle
672 3036 792 3083 omittere
808 3035 965 3096 Stephanum
978 3032 1054 3082 docet
1075 3031 1220 3080 Rittersbu·

128 3097 198 3148 sius!
222 3099 342 3146 Hedenus.
362 3097 420 3145 Vid.
432 3097 495 3146 Not.
507 3098 635 3148 Van—18
653 3097 1002 3161 Atqueutsaeeredebuivolg.
1018 3095 1218 3158 Tbalpuedeien·

129 3166 190 3214 dnm
201 3162 307 3226 conjicit
318 3161 425 3223 Tollius,
436 3161 554 3225 qnoniam
570 3176 629 3212 mox
647 3162 673 3212 in
690 3163 801 3212 secundo
811 3163 948 3212 vossiano:
966 3166 988 3210 el
1004 3161 1061 3210 velle
1070 3165 1094 3210 le
1103 3159 1161 3209 sciui
1172 3174 1219 3223 pro

619 3329 725 3381 NO'l'AE

160 3463 178 3488 ¹¹²
193 3454 242 3518 Aa,
252 3453 311 3516 quod
321 3452 346 3500 tn
353 3447 488 3514 procinctu]
498 3447 558 3499 Hoc
569 3455 616 3514 est,
626 3449 653 3499 in
693 3449 751 3500 sidii
762 3463 838 3500 cansa
849 3450 956 3514 solebat,
974 3450 1091 3516 qnoniam
1109 3451 1220 3513 populun

126 3533 214 3595 armis,
229 3543 287 3580 curn
302 3527 384 3592 parati
396 3531 423 3575 et
437 3525 566 3589 procincti
582 3532 652 3588 tunc,
693 3527 718 3575 rb
730 3524 856 3589 errffragiis
873 3525 986 3576 ferendis
998 3534 1054 3575 erat
1066 3531 1217 3588 occupatus.

127 3625 187 3659 cum
198 3605 332 3667 Gratiano,
351 3607 439 3651 essent
456 3599 550 3650 milites
562 3601 652 3650 adver·
725 3608 737 3634 ¹¹
756 3603 789 3650 Ut
808 3602 933 3665 quondm]
951 3602 1123 3664 Antotegem
1141 3613 1217 3662 qrram

127 3699 169 3734 sns
181 3685 312 3733 Sarmatas
330 3683 357 3728 et
378 3676 576 3726 eliosbarbaros
599 3678 659 3727 beb·
693 3678 741 3727 Cn.
761 3678 889 3727 Domitius
913 3675 1071 3730 AEnobarbns
1091 3674 1217 3723 Tribunus

125 3761 215 3812 laturi.
256 3755 406 3806 centuriata
428 3766 504 3816 porro
534 3753 652 3817 Comitia,
693 3752 787 3817 plebis,
810 3752 923 3803 intensus
944 3749 1123 3811 Pontificibus,
1147 3749 1216 3813 quod

125 3844 193 3888 teste
205 3833 291 3884 Gellio
305 3831 350 3880 lib.
360 3843 405 3878 xv.
421 3830 490 3878 intra
501 3831 653 3892 pomaerium
692 3831 770 3880 alium
781 3846 857 3895 quam
869 3845 896 3879 se
912 3829 938 3877 iu
951 3827 1079 3900 patrissui
1090 3826 1217 3874 demortui

124 3911 183 3961 fieri
193 3907 266 3958 nefas
278 3913 345 3966 erat,
355 3905 413 3969 quia
424 3905 567 3954 exercitum
578 3911 653 3956 extra
692 3907 775 3955 loerrrn
787 3910 961 3972 cooptassent,
975 3902 1045 3966 tulit,
1059 3915 1125 3950 anno
1137 3899 1169 3948 ab
1182 3900 1216 3949 U.

124 3987 215 4036 urbem
234 3982 353 4046 imperari
373 3988 516 4043 oporteret,
532 3981 652 4031 intraur·
693 3982 723 4031 C.
743 3984 800 4031 651.
820 3988 850 4030 ut
870 3979 1034 4038 Sacerdotes,
1058 3989 1120 4040 quoe
1140 3980 1217 4024 antea

124 4065 185 4116 bem
198 4058 318 4123 imperari
327 4058 651 4121 juunoneasetrpropter·
692 4061 799 4122 collegae
819 4056 989 4116 sufficiebant,
1016 4054 1124 4116 populus
1143 4066 1216 4101 crea-

124 4155 157 4190 ea
168 4136 318 4189 centuriata
333 4135 360 4181 in
379 4133 477 4195 Campo
488 4133 585 4182 Martio
606 4135 649 4182 ba·
690 4143 740 4197 ret,
757 4141 786 4184 ut
801 4132 918 4184 referunt
933 4131 1087 4181 Paterentur
1103 4137 1143 4193 et,
1154 4129 1222 4178 Sue·

124 4214 262 4275 bebantur,
268 4209 449 4272 exercitusque
459 4208 577 4273 imperari
586 4223 650 4273 prae-
689 4209 783 4260 tonius.
