<?xml version="1.0" encoding="UTF-8"?>
<!DOCTYPE html PUBLIC "-//W3C//DTD XHTML 1.0 Transitional//EN"
    "http://www.w3.org/TR/xhtml1/DTD/xhtml1-transitional.dtd">
<html xmlns="http://www.w3.org/1999/xhtml" xml:lang="en" lang="en">
 <head>
  <title>
</title>
<meta http-equiv="Content-Type" content="text/html;charset=utf-8" />
  <meta name='ocr-system' content='tesseract 3.04.00' />
  <meta name='ocr-capabilities' content='ocr_page ocr_carea ocr_par ocr_line ocrx_word'/>
</head>
<body>
  <div class='ocr_page' id='page_1' title='image "./dmagniausoniibu02ausogoog_0033.png"; bbox 0 0 2998 4884; ppageno 0'>
   <div class='ocr_carea' id='block_1_1' title="bbox 261 326 884 392">
    <p class='ocr_par' dir='ltr' id='par_1_1' title="bbox 261 326 884 392">
     <span class='ocr_line' id='line_1_1' title="bbox 261 326 884 392; baseline -0.016 -2"><span class='ocrx_word' id='word_1_1' title='bbox 261 326 326 392; x_wconf 77' lang='lat' dir='ltr'>tto</span> <span class='ocrx_word' id='word_1_2' title='bbox 731 332 884 384; x_wconf 79' lang='lat' dir='ltr'>nuscum</span> 
     </span>
    </p>
   </div>
   <div class='ocr_carea' id='block_1_2' title="bbox 176 471 1359 1567">
    <p class='ocr_par' dir='ltr' id='par_1_2' title="bbox 176 471 1082 656">
     <span class='ocr_line' id='line_1_2' title="bbox 176 471 1072 560; baseline -0.01 -16"><span class='ocrx_word' id='word_1_3' title='bbox 176 507 180 513; x_wconf 95' lang='lat'>·</span> <span class='ocrx_word' id='word_1_4' title='bbox 214 545 222 560; x_wconf 65' lang='grc'>,</span> <span class='ocrx_word' id='word_1_5' title='bbox 262 482 328 544; x_wconf 90' lang='lat' dir='ltr'>Per</span> <span class='ocrx_word' id='word_1_6' title='bbox 341 476 494 554; x_wconf 90' lang='lat' dir='ltr'>medium,</span> <span class='ocrx_word' id='word_1_7' title='bbox 509 495 574 560; x_wconf 87' lang='lat' dir='ltr'>qua</span> <span class='ocrx_word' id='word_1_8' title='bbox 589 493 662 539; x_wconf 84' lang='lat' dir='ltr'>sese</span> <span class='ocrx_word' id='word_1_9' title='bbox 677 477 765 540; x_wconf 85' lang='lat' dir='ltr'>amni</span> <span class='ocrx_word' id='word_1_10' title='bbox 779 471 949 539; x_wconf 80' lang='lat' dir='ltr'>confundit</span> <span class='ocrx_word' id='word_1_11' title='bbox 962 473 1072 555; x_wconf 82' lang='lat' dir='ltr'>imago</span> 
     </span>
     <span class='ocr_line' id='line_1_3' title="bbox 264 572 1082 656; baseline -0.007 -14"><span class='ocrx_word' id='word_1_12' title='bbox 264 579 383 656; x_wconf 64' lang='lat' dir='ltr'>(lodie,</span> <span class='ocrx_word' id='word_1_13' title='bbox 399 585 435 640; x_wconf 90' lang='lat' dir='ltr'>et</span> <span class='ocrx_word' id='word_1_14' title='bbox 448 579 636 640; x_wconf 85' lang='lat' dir='ltr'>umbrarum</span> <span class='ocrx_word' id='word_1_15' title='bbox 650 574 793 640; x_wconf 86' lang='lat' dir='ltr'>confinia</span> <span class='ocrx_word' id='word_1_16' title='bbox 806 572 951 638; x_wconf 80' lang='lat' dir='ltr'>conserit</span> <span class='ocrx_word' id='word_1_17' title='bbox 964 573 1082 637; x_wconf 88' lang='lat' dir='ltr'>amnis.</span> 
     </span>
    </p>

    <p class='ocr_par' dir='ltr' id='par_1_3' title="bbox 215 671 1358 1064">
     <span class='ocr_line' id='line_1_4' title="bbox 307 671 1357 764; baseline -0.007 -21"><span class='ocrx_word' id='word_1_18' title='bbox 307 680 397 743; x_wconf 87' lang='lat' dir='ltr'>Haec</span> <span class='ocrx_word' id='word_1_19' title='bbox 412 697 544 760; x_wconf 89' lang='lat' dir='ltr'>quoque</span> <span class='ocrx_word' id='word_1_20' title='bbox 560 696 663 758; x_wconf 87' lang='lat' dir='ltr'>quam</span> <span class='ocrx_word' id='word_1_21' title='bbox 675 676 791 740; x_wconf 84' lang='lat' dir='ltr'><strong>dulces</strong></span> <span class='ocrx_word' id='word_1_22' title='bbox 806 675 975 738; x_wconf 82' lang='lat' dir='ltr'>celebrant</span> <span class='ocrx_word' id='word_1_23' title='bbox 988 671 1185 755; x_wconf 82' lang='lat' dir='ltr'>spectacula</span> <span class='ocrx_word' id='word_1_24' title='bbox 1197 691 1357 764; x_wconf 84' lang='lat' dir='ltr'>pompas,</span> 
     </span>
     <span class='ocr_line' id='line_1_5' title="bbox 264 769 1358 862; baseline -0.007 -16"><span class='ocrx_word' id='word_1_25' title='bbox 264 781 466 862; x_wconf 85' lang='lat' dir='ltr'>Remipedes</span> <span class='ocrx_word' id='word_1_26' title='bbox 480 779 588 843; x_wconf 91' lang='lat' dir='ltr'>medio</span> <span class='ocrx_word' id='word_1_27' title='bbox 599 783 723 842; x_wconf 84' lang='lat' dir='ltr'>certant</span> <span class='ocrx_word' id='word_1_28' title='bbox 734 795 812 841; x_wconf 89' lang='lat' dir='ltr'>cum</span> <span class='ocrx_word' id='word_1_29' title='bbox 827 775 962 838; x_wconf 86' lang='lat' dir='ltr'>flumine</span> <span class='ocrx_word' id='word_1_30' title='bbox 976 774 1089 851; x_wconf 89' lang='lat' dir='ltr'>lembi,</span> <span class='ocrx_word' id='word_1_31' title='bbox 1289 769 1358 840; x_wconf 75' lang='lat'>201</span> 
     </span>
     <span class='ocr_line' id='line_1_6' title="bbox 215 876 1065 958; baseline -0.005 -12"><span class='ocrx_word' id='word_1_32' title='bbox 215 951 218 957; x_wconf 70' lang='grc'>,</span> <span class='ocrx_word' id='word_1_33' title='bbox 263 882 308 946; x_wconf 90' lang='lat' dir='ltr'>Et</span> <span class='ocrx_word' id='word_1_34' title='bbox 321 880 433 945; x_wconf 88' lang='lat' dir='ltr'>varios</span> <span class='ocrx_word' id='word_1_35' title='bbox 447 882 565 944; x_wconf 90' lang='lat' dir='ltr'>ineunt</span> <span class='ocrx_word' id='word_1_36' title='bbox 578 879 700 954; x_wconf 87' lang='lat' dir='ltr'>flexus,</span> <span class='ocrx_word' id='word_1_37' title='bbox 711 876 900 958; x_wconf 86' lang='lat' dir='ltr'>viridesque</span> <span class='ocrx_word' id='word_1_38' title='bbox 913 894 972 958; x_wconf 86' lang='lat' dir='ltr'>per</span> <span class='ocrx_word' id='word_1_39' title='bbox 988 893 1065 942; x_wconf 82' lang='lat' dir='ltr'>oras</span> 
     </span>
     <span class='ocr_line' id='line_1_7' title="bbox 266 975 1062 1064; baseline -0.011 -16"><span class='ocrx_word' id='word_1_40' title='bbox 266 983 437 1064; x_wconf 83' lang='lat' dir='ltr'>stringunt</span> <span class='ocrx_word' id='word_1_41' title='bbox 452 980 591 1045; x_wconf 82' lang='lat' dir='ltr'><strong>attonsis</strong></span> <span class='ocrx_word' id='word_1_42' title='bbox 604 979 764 1061; x_wconf 85' lang='lat' dir='ltr'>pubentia</span> <span class='ocrx_word' id='word_1_43' title='bbox 778 978 925 1060; x_wconf 81' lang='lat' dir='ltr'>germina</span> <span class='ocrx_word' id='word_1_44' title='bbox 938 975 1062 1058; x_wconf 82' lang='lat' dir='ltr'>pratis!</span> 
     </span>
    </p>

    <p class='ocr_par' dir='ltr' id='par_1_4' title="bbox 265 1078 1100 1167">
     <span class='ocr_line' id='line_1_8' title="bbox 265 1078 1100 1167; baseline -0.007 -19"><span class='ocrx_word' id='word_1_45' title='bbox 265 1085 457 1167; x_wconf 89' lang='lat' dir='ltr'>Puppibus,</span> <span class='ocrx_word' id='word_1_46' title='bbox 472 1086 504 1144; x_wconf 91' lang='lat' dir='ltr'>et</span> <span class='ocrx_word' id='word_1_47' title='bbox 516 1083 622 1164; x_wconf 87' lang='lat' dir='ltr'>proris</span> <span class='ocrx_word' id='word_1_48' title='bbox 639 1081 767 1146; x_wconf 78' lang='lat' dir='ltr'><strong>alacres</strong></span> <span class='ocrx_word' id='word_1_49' title='bbox 781 1079 897 1161; x_wconf 85' lang='lat' dir='ltr'>gestire</span> <span class='ocrx_word' id='word_1_50' title='bbox 909 1078 1100 1158; x_wconf 85' lang='lat' dir='ltr'>magistros,</span> 
     </span>
    </p>

    <p class='ocr_par' dir='ltr' id='par_1_5' title="bbox 263 1177 1359 1365">
     <span class='ocr_line' id='line_1_9' title="bbox 263 1177 1359 1266; baseline -0.005 -18"><span class='ocrx_word' id='word_1_51' title='bbox 263 1183 504 1266; x_wconf 90' lang='lat' dir='ltr'>Impubemque</span> <span class='ocrx_word' id='word_1_52' title='bbox 518 1199 653 1246; x_wconf 87' lang='lat' dir='ltr'>manum</span> <span class='ocrx_word' id='word_1_53' title='bbox 667 1198 767 1262; x_wconf 86' lang='lat' dir='ltr'>super</span> <span class='ocrx_word' id='word_1_54' title='bbox 779 1179 910 1244; x_wconf 79' lang='lat' dir='ltr'><strong>amnica</strong></span> <span class='ocrx_word' id='word_1_55' title='bbox 924 1184 1017 1260; x_wconf 78' lang='lat' dir='ltr'>terga</span> <span class='ocrx_word' id='word_1_56' title='bbox 1028 1184 1205 1260; x_wconf 81' lang='lat' dir='ltr'>vagantem</span> <span class='ocrx_word' id='word_1_57' title='bbox 1290 1177 1359 1242; x_wconf 78' lang='lat'>205</span> 
     </span>
     <span class='ocr_line' id='line_1_10' title="bbox 265 1280 1053 1365; baseline -0.008 -15"><span class='ocrx_word' id='word_1_58' title='bbox 265 1286 355 1350; x_wconf 89' lang='lat' dir='ltr'>Dum</span> <span class='ocrx_word' id='word_1_59' title='bbox 368 1287 509 1365; x_wconf 84' lang='lat' dir='ltr'>spectat,</span> <span class='ocrx_word' id='word_1_60' title='bbox 521 1282 660 1346; x_wconf 88' lang='lat' dir='ltr'>transire</span> <span class='ocrx_word' id='word_1_61' title='bbox 671 1281 770 1357; x_wconf 88' lang='lat' dir='ltr'>diem,</span> <span class='ocrx_word' id='word_1_62' title='bbox 785 1299 847 1344; x_wconf 81' lang='lat' dir='ltr'>sua</span> <span class='ocrx_word' id='word_1_63' title='bbox 859 1280 959 1357; x_wconf 85' lang='lat' dir='ltr'>seria,</span> <span class='ocrx_word' id='word_1_64' title='bbox 973 1281 1053 1345; x_wconf 90' lang='lat' dir='ltr'>ludo</span> 
     </span>
    </p>

    <p class='ocr_par' dir='ltr' id='par_1_6' title="bbox 263 1382 1125 1464">
     <span class='ocr_line' id='line_1_11' title="bbox 263 1382 1125 1464; baseline -0.003 -16"><span class='ocrx_word' id='word_1_65' title='bbox 263 1385 467 1448; x_wconf 85' lang='lat' dir='ltr'>Posthabet:</span> <span class='ocrx_word' id='word_1_66' title='bbox 489 1383 639 1448; x_wconf 81' lang='lat' dir='ltr'><strong>excludit</strong></span> <span class='ocrx_word' id='word_1_67' title='bbox 652 1387 779 1448; x_wconf 89' lang='lat' dir='ltr'>veteres</span> <span class='ocrx_word' id='word_1_68' title='bbox 793 1401 881 1446; x_wconf 82' lang='lat' dir='ltr'>nova</span> <span class='ocrx_word' id='word_1_69' title='bbox 894 1382 1001 1464; x_wconf 83' lang='lat' dir='ltr'>gratia</span> <span class='ocrx_word' id='word_1_70' title='bbox 1015 1401 1125 1446; x_wconf 87' lang='lat' dir='ltr'>curas.</span> 
     </span>
    </p>

    <p class='ocr_par' dir='ltr' id='par_1_7' title="bbox 263 1484 1096 1567">
     <span class='ocr_line' id='line_1_12' title="bbox 263 1484 1096 1567; baseline -0.007 -15"><span class='ocrx_word' id='word_1_71' title='bbox 263 1487 365 1552; x_wconf 85' lang='lat' dir='ltr'>Tales</span> <span class='ocrx_word' id='word_1_72' title='bbox 380 1484 528 1549; x_wconf 84' lang='lat' dir='ltr'>Cumano</span> <span class='ocrx_word' id='word_1_73' title='bbox 543 1486 718 1567; x_wconf 87' lang='lat' dir='ltr'>despectat</span> <span class='ocrx_word' id='word_1_74' title='bbox 732 1486 766 1549; x_wconf 92' lang='lat' dir='ltr'>in</span> <span class='ocrx_word' id='word_1_75' title='bbox 777 1503 910 1567; x_wconf 88' lang='lat' dir='ltr'>aequore</span> <span class='ocrx_word' id='word_1_76' title='bbox 924 1484 1024 1550; x_wconf 78' lang='lat' dir='ltr'>ludos</span> <span class='ocrx_word' id='word_1_77' title='bbox 1094 1507 1096 1524; x_wconf 90' lang='lat'>·</span> 
     </span>
    </p>
   </div>
   <div class='ocr_carea' id='block_1_3' title="bbox 261 1700 1363 2212">
    <p class='ocr_par' dir='ltr' id='par_1_8' title="bbox 262 1700 1361 1830">
     <span class='ocr_line' id='line_1_13' title="bbox 265 1700 1361 1770; baseline -0.001 -19"><span class='ocrx_word' id='word_1_78' title='bbox 265 1709 356 1764; x_wconf 80' lang='lat' dir='ltr'>carulo,</span> <span class='ocrx_word' id='word_1_79' title='bbox 365 1720 408 1768; x_wconf 85' lang='lat' dir='ltr'>per</span> <span class='ocrx_word' id='word_1_80' title='bbox 416 1706 517 1754; x_wconf 83' lang='lat' dir='ltr'>medinm</span> <span class='ocrx_word' id='word_1_81' title='bbox 528 1705 568 1755; x_wconf 82' lang='lat' dir='ltr'>ubi</span> <span class='ocrx_word' id='word_1_82' title='bbox 577 1704 666 1770; x_wconf 64' lang='lat' dir='ltr'>effigies</span> <span class='ocrx_word' id='word_1_83' title='bbox 675 1704 731 1753; x_wconf 80' lang='lat' dir='ltr'>clini</span> <span class='ocrx_word' id='word_1_84' title='bbox 741 1704 855 1754; x_wconf 71' lang='lat' dir='ltr'>inumbret</span> <span class='ocrx_word' id='word_1_85' title='bbox 865 1717 890 1753; x_wconf 85' lang='lat' dir='ltr'>re</span> <span class='ocrx_word' id='word_1_86' title='bbox 900 1702 987 1766; x_wconf 76' lang='lat' dir='ltr'>florio,</span> <span class='ocrx_word' id='word_1_87' title='bbox 998 1707 1022 1751; x_wconf 83' lang='lat' dir='ltr'>et</span> <span class='ocrx_word' id='word_1_88' title='bbox 1032 1701 1168 1766; x_wconf 70' lang='lat' dir='ltr'>udistuuitu</span> <span class='ocrx_word' id='word_1_89' title='bbox 1178 1700 1272 1751; x_wconf 72' lang='lat' dir='ltr'>renuet</span> <span class='ocrx_word' id='word_1_90' title='bbox 1282 1706 1361 1750; x_wconf 75' lang='lat' dir='ltr'>extre·</span> 
     </span>
     <span class='ocr_line' id='line_1_14' title="bbox 262 1767 763 1830; baseline 0 -14"><span class='ocrx_word' id='word_1_91' title='bbox 262 1784 314 1816; x_wconf 82' lang='lat' dir='ltr'>mus</span> <span class='ocrx_word' id='word_1_92' title='bbox 321 1775 402 1830; x_wconf 76' lang='lat' dir='ltr'>portes</span> <span class='ocrx_word' id='word_1_93' title='bbox 413 1770 547 1817; x_wconf 80' lang='lat' dir='ltr'>umbrarum</span> <span class='ocrx_word' id='word_1_94' title='bbox 557 1771 659 1820; x_wconf 75' lang='lat' dir='ltr'>comitur</span> <span class='ocrx_word' id='word_1_95' title='bbox 666 1767 763 1816; x_wconf 81' lang='lat' dir='ltr'>ritibus.</span> 
     </span>
    </p>

    <p class='ocr_par' dir='ltr' id='par_1_9' title="bbox 261 1829 1363 2212">
     <span class='ocr_line' id='line_1_15' title="bbox 298 1829 1360 1895; baseline -0.008 -11"><span class='ocrx_word' id='word_1_96' title='bbox 298 1833 374 1886; x_wconf 63' lang='lat' dir='ltr'>Qum</span> <span class='ocrx_word' id='word_1_97' title='bbox 384 1838 468 1894; x_wconf 80' lang='lat' dir='ltr'>gratos</span> <span class='ocrx_word' id='word_1_98' title='bbox 478 1847 572 1895; x_wconf 83' lang='lat' dir='ltr'>pompus</span> <span class='ocrx_word' id='word_1_99' title='bbox 580 1833 653 1881; x_wconf 83' lang='lat' dir='ltr'>etium</span> <span class='ocrx_word' id='word_1_100' title='bbox 661 1834 711 1880; x_wconf 75' lang='lat' dir='ltr'>loc</span> <span class='ocrx_word' id='word_1_101' title='bbox 719 1831 849 1892; x_wconf 75' lang='lat' dir='ltr'>spectaculo</span> <span class='ocrx_word' id='word_1_102' title='bbox 858 1829 978 1891; x_wconf 75' lang='lat' dir='ltr'>exhibent,</span> <span class='ocrx_word' id='word_1_103' title='bbox 993 1832 1084 1893; x_wconf 77' lang='lat' dir='ltr'>quando</span> <span class='ocrx_word' id='word_1_104' title='bbox 1093 1829 1208 1878; x_wconf 65' lang='lat' dir='ltr'>micale</span> <span class='ocrx_word' id='word_1_105' title='bbox 1216 1829 1288 1878; x_wconf 80' lang='lat' dir='ltr'>remia</span> <span class='ocrx_word' id='word_1_106' title='bbox 1297 1829 1360 1876; x_wconf 82' lang='lat' dir='ltr'>ince-</span> 
     </span>
     <span class='ocr_line' id='line_1_16' title="bbox 261 1892 1361 1959; baseline -0.004 -15"><span class='ocrx_word' id='word_1_107' title='bbox 261 1897 352 1956; x_wconf 82' lang='lat' dir='ltr'>dentes,</span> <span class='ocrx_word' id='word_1_108' title='bbox 363 1913 404 1946; x_wconf 86' lang='lat' dir='ltr'>ceu</span> <span class='ocrx_word' id='word_1_109' title='bbox 417 1897 515 1959; x_wconf 68' lang='lat' dir='ltr'>pedibus</span> <span class='ocrx_word' id='word_1_110' title='bbox 531 1900 638 1958; x_wconf 73' lang='lat' dir='ltr'>pugnant</span> <span class='ocrx_word' id='word_1_111' title='bbox 649 1896 675 1944; x_wconf 82' lang='lat' dir='ltr'>in</span> <span class='ocrx_word' id='word_1_112' title='bbox 691 1896 768 1944; x_wconf 79' lang='lat' dir='ltr'>medio</span> <span class='ocrx_word' id='word_1_113' title='bbox 779 1895 901 1958; x_wconf 59' lang='lat' dir='ltr'>flaciaci</span> <span class='ocrx_word' id='word_1_114' title='bbox 911 1895 1195 1956; x_wconf 58' lang='lat' dir='ltr'>obumbraturum,</span> <span class='ocrx_word' id='word_1_115' title='bbox 1207 1899 1230 1941; x_wconf 82' lang='lat' dir='ltr'>et</span> <span class='ocrx_word' id='word_1_116' title='bbox 1239 1908 1283 1955; x_wconf 81' lang='lat' dir='ltr'>per</span> <span class='ocrx_word' id='word_1_117' title='bbox 1293 1892 1361 1954; x_wconf 71' lang='lat' dir='ltr'>ripun</span> 
     </span>
     <span class='ocr_line' id='line_1_17' title="bbox 264 1955 1360 2022; baseline -0.003 -15"><span class='ocrx_word' id='word_1_118' title='bbox 264 1959 366 2008; x_wconf 77' lang='lat' dir='ltr'>virentes</span> <span class='ocrx_word' id='word_1_119' title='bbox 381 1963 466 2009; x_wconf 83' lang='lat' dir='ltr'>rudunt</span> <span class='ocrx_word' id='word_1_120' title='bbox 482 1961 565 2008; x_wconf 76' lang='lat' dir='ltr'>imbus</span> <span class='ocrx_word' id='word_1_121' title='bbox 581 1961 784 2022; x_wconf 80' lang='lat' dir='ltr'>repullulnscerrtea</span> <span class='ocrx_word' id='word_1_122' title='bbox 803 1959 829 2007; x_wconf 82' lang='lat' dir='ltr'>in</span> <span class='ocrx_word' id='word_1_123' title='bbox 844 1959 923 2020; x_wconf 78' lang='lat' dir='ltr'>pratis</span> <span class='ocrx_word' id='word_1_124' title='bbox 933 1958 987 2018; x_wconf 77' lang='lat' dir='ltr'>jam</span> <span class='ocrx_word' id='word_1_125' title='bbox 1002 1955 1095 2006; x_wconf 76' lang='lat' dir='ltr'>tomis!</span> <span class='ocrx_word' id='word_1_126' title='bbox 1111 1959 1177 2007; x_wconf 83' lang='lat' dir='ltr'>Dum</span> <span class='ocrx_word' id='word_1_127' title='bbox 1188 1957 1360 2020; x_wconf 80' lang='lat' dir='ltr'>clutornspicit</span> 
     </span>
     <span class='ocr_line' id='line_1_18' title="bbox 263 2021 1363 2085; baseline 0 -15"><span class='ocrx_word' id='word_1_128' title='bbox 263 2023 350 2072; x_wconf 75' lang='lat' dir='ltr'>hilares</span> <span class='ocrx_word' id='word_1_129' title='bbox 365 2025 532 2085; x_wconf 76' lang='lat' dir='ltr'>gubernatores</span> <span class='ocrx_word' id='word_1_130' title='bbox 540 2025 665 2085; x_wconf 68' lang='lat' dir='ltr'>gestirem</span> <span class='ocrx_word' id='word_1_131' title='bbox 679 2022 804 2085; x_wconf 79' lang='lat' dir='ltr'>puppibus,</span> <span class='ocrx_word' id='word_1_132' title='bbox 815 2025 839 2070; x_wconf 87' lang='lat' dir='ltr'>et</span> <span class='ocrx_word' id='word_1_133' title='bbox 853 2022 879 2070; x_wconf 81' lang='lat' dir='ltr'>ia</span> <span class='ocrx_word' id='word_1_134' title='bbox 888 2021 975 2085; x_wconf 78' lang='lat' dir='ltr'>pruris,</span> <span class='ocrx_word' id='word_1_135' title='bbox 990 2028 1014 2070; x_wconf 81' lang='lat' dir='ltr'>et</span> <span class='ocrx_word' id='word_1_136' title='bbox 1032 2021 1125 2070; x_wconf 79' lang='lat' dir='ltr'>turbam</span> <span class='ocrx_word' id='word_1_137' title='bbox 1140 2023 1363 2070; x_wconf 73' lang='lat' dir='ltr'>adolescentulorum</span> 
     </span>
     <span class='ocr_line' id='line_1_19' title="bbox 262 2084 1362 2162; baseline -0.002 -28"><span class='ocrx_word' id='word_1_138' title='bbox 262 2087 430 2136; x_wconf 72' lang='lat' dir='ltr'>discurrentem</span> <span class='ocrx_word' id='word_1_139' title='bbox 441 2103 511 2150; x_wconf 81' lang='lat' dir='ltr'>super</span> <span class='ocrx_word' id='word_1_140' title='bbox 521 2087 704 2150; x_wconf 78' lang='lat' dir='ltr'>dorsumfluat&#39;i,</span> <span class='ocrx_word' id='word_1_141' title='bbox 714 2101 760 2134; x_wconf 76' lang='lat' dir='ltr'>noa</span> <span class='ocrx_word' id='word_1_142' title='bbox 771 2091 838 2135; x_wconf 79' lang='lat' dir='ltr'>curat</span> <span class='ocrx_word' id='word_1_143' title='bbox 847 2089 909 2162; x_wconf 66' lang='lat' dir='ltr'>quod</span> <span class='ocrx_word' id='word_1_144' title='bbox 919 2087 969 2135; x_wconf 78' lang='lat' dir='ltr'>dice</span> <span class='ocrx_word' id='word_1_145' title='bbox 985 2087 1074 2152; x_wconf 73' lang='lat' dir='ltr'>effluat,</span> <span class='ocrx_word' id='word_1_146' title='bbox 1083 2087 1204 2148; x_wconf 76' lang='lat' dir='ltr'>postponit</span> <span class='ocrx_word' id='word_1_147' title='bbox 1213 2099 1256 2132; x_wconf 83' lang='lat' dir='ltr'>sua</span> <span class='ocrx_word' id='word_1_148' title='bbox 1264 2099 1293 2134; x_wconf 82' lang='lat' dir='ltr'>tre</span> <span class='ocrx_word' id='word_1_149' title='bbox 1310 2084 1362 2132; x_wconf 84' lang='lat' dir='ltr'>otiu</span> 
     </span>
     <span class='ocr_line' id='line_1_20' title="bbox 263 2149 1361 2212; baseline 0 -16"><span class='ocrx_word' id='word_1_150' title='bbox 263 2151 317 2197; x_wconf 80' lang='lat' dir='ltr'>truie</span> <span class='ocrx_word' id='word_1_151' title='bbox 334 2151 438 2199; x_wconf 79' lang='lat' dir='ltr'>ludicro:</span> <span class='ocrx_word' id='word_1_152' title='bbox 455 2152 505 2199; x_wconf 77' lang='lat' dir='ltr'>buc</span> <span class='ocrx_word' id='word_1_153' title='bbox 514 2165 574 2199; x_wconf 71' lang='lat' dir='ltr'>ricco</span> <span class='ocrx_word' id='word_1_154' title='bbox 590 2151 713 2199; x_wconf 83' lang='lat' dir='ltr'>oblectatio</span> <span class='ocrx_word' id='word_1_155' title='bbox 721 2149 786 2210; x_wconf 78' lang='lat' dir='ltr'>ejicit</span> <span class='ocrx_word' id='word_1_156' title='bbox 799 2163 832 2198; x_wconf 80' lang='lat' dir='ltr'>ex</span> <span class='ocrx_word' id='word_1_157' title='bbox 839 2164 890 2209; x_wconf 64' lang='lat' dir='ltr'>erus</span> <span class='ocrx_word' id='word_1_158' title='bbox 899 2149 977 2198; x_wconf 80' lang='lat' dir='ltr'>auimo</span> <span class='ocrx_word' id='word_1_159' title='bbox 992 2151 1085 2212; x_wconf 66' lang='lat' dir='ltr'>priores</span> <span class='ocrx_word' id='word_1_160' title='bbox 1093 2149 1261 2198; x_wconf 70' lang='lat' dir='ltr'>solicitudinem.</span> <span class='ocrx_word' id='word_1_161' title='bbox 1320 2163 1361 2196; x_wconf 81' lang='lat' dir='ltr'>or·</span> 
     </span>
    </p>
   </div>
   <div class='ocr_carea' id='block_1_4' title="bbox 718 2288 898 2310">
    <p class='ocr_par' dir='ltr' id='par_1_10' title="bbox 718 2288 898 2310">
     <span class='ocr_line' id='line_1_21' title="bbox 718 2288 898 2310; baseline 0.006 -2"><span class='ocrx_word' id='word_1_162' title='bbox 718 2288 898 2310; x_wconf 68' lang='lat' dir='ltr'>nummu</span> 
     </span>
    </p>
   </div>
   <div class='ocr_carea' id='block_1_5' title="bbox 264 2386 1364 2836">
    <p class='ocr_par' dir='ltr' id='par_1_11' title="bbox 264 2386 1364 2836">
     <span class='ocr_line' id='line_1_22' title="bbox 267 2386 1364 2454; baseline -0.001 -19"><span class='ocrx_word' id='word_1_163' title='bbox 267 2403 313 2438; x_wconf 82' lang='lat' dir='ltr'>seu</span> <span class='ocrx_word' id='word_1_164' title='bbox 335 2389 451 2451; x_wconf 73' lang='lat' dir='ltr'>prolerre,</span> <span class='ocrx_word' id='word_1_165' title='bbox 469 2395 508 2438; x_wconf 82' lang='lat' dir='ltr'>ert</span> <span class='ocrx_word' id='word_1_166' title='bbox 526 2389 666 2438; x_wconf 81' lang='lat' dir='ltr'>extendere</span> <span class='ocrx_word' id='word_1_167' title='bbox 686 2395 713 2439; x_wconf 90' lang='lat' dir='ltr'>et</span> <span class='ocrx_word' id='word_1_168' title='bbox 729 2390 946 2454; x_wconf 72' lang='lat' dir='ltr'>ampliare—loti</span> <span class='ocrx_word' id='word_1_169' title='bbox 961 2391 1045 2440; x_wconf 86' lang='lat' dir='ltr'>‘Dum</span> <span class='ocrx_word' id='word_1_170' title='bbox 1060 2394 1150 2452; x_wconf 80' lang='lat' dir='ltr'>spectat</span> <span class='ocrx_word' id='word_1_171' title='bbox 1168 2387 1272 2436; x_wconf 78' lang='lat' dir='ltr'>transire</span> <span class='ocrx_word' id='word_1_172' title='bbox 1288 2386 1364 2450; x_wconf 72' lang='lat' dir='ltr'>dion]</span> 
     </span>
     <span class='ocr_line' id='line_1_23' title="bbox 266 2451 1362 2516; baseline 0 -16"><span class='ocrx_word' id='word_1_173' title='bbox 266 2453 330 2500; x_wconf 91' lang='lat' dir='ltr'>Cum</span> <span class='ocrx_word' id='word_1_174' title='bbox 344 2453 425 2500; x_wconf 86' lang='lat' dir='ltr'>locum</span> <span class='ocrx_word' id='word_1_175' title='bbox 448 2460 596 2514; x_wconf 87' lang='lat' dir='ltr'>corruptum</span> <span class='ocrx_word' id='word_1_176' title='bbox 618 2453 859 2516; x_wconf 76' lang='lat' dir='ltr'>animadverterem,</span> <span class='ocrx_word' id='word_1_177' title='bbox 876 2455 953 2502; x_wconf 84' lang='lat' dir='ltr'>anirni</span> <span class='ocrx_word' id='word_1_178' title='bbox 975 2455 1059 2516; x_wconf 81' lang='lat' dir='ltr'>gratia</span> <span class='ocrx_word' id='word_1_179' title='bbox 1078 2455 1115 2502; x_wconf 88' lang='lat' dir='ltr'>ita</span> <span class='ocrx_word' id='word_1_180' title='bbox 1131 2451 1292 2514; x_wconf 76' lang='lat' dir='ltr'>supplebant,</span> <span class='ocrx_word' id='word_1_181' title='bbox 1309 2465 1362 2500; x_wconf 90' lang='lat' dir='ltr'>non</span> 
     </span>
     <span class='ocr_line' id='line_1_24' title="bbox 266 2515 1363 2582; baseline 0 -20"><span class='ocrx_word' id='word_1_182' title='bbox 266 2515 334 2576; x_wconf 81' lang='lat' dir='ltr'>qtrod</span> <span class='ocrx_word' id='word_1_183' title='bbox 347 2516 383 2563; x_wconf 90' lang='lat' dir='ltr'>ita</span> <span class='ocrx_word' id='word_1_184' title='bbox 395 2515 582 2565; x_wconf 84' lang='lat' dir='ltr'>emendandum</span> <span class='ocrx_word' id='word_1_185' title='bbox 594 2532 739 2567; x_wconf 83' lang='lat' dir='ltr'>censerem:</span> <span class='ocrx_word' id='word_1_186' title='bbox 758 2519 824 2567; x_wconf 84' lang='lat' dir='ltr'>Dum</span> <span class='ocrx_word' id='word_1_187' title='bbox 834 2523 932 2582; x_wconf 64' lang='lat' dir='ltr'>eructat,</span> <span class='ocrx_word' id='word_1_188' title='bbox 944 2521 997 2566; x_wconf 83' lang='lat' dir='ltr'>dum</span> <span class='ocrx_word' id='word_1_189' title='bbox 1005 2533 1077 2582; x_wconf 85' lang='lat' dir='ltr'>porro</span> <span class='ocrx_word' id='word_1_190' title='bbox 1087 2517 1150 2578; x_wconf 83' lang='lat' dir='ltr'>cupit</span> <span class='ocrx_word' id='word_1_191' title='bbox 1161 2522 1265 2579; x_wconf 82' lang='lat' dir='ltr'>spectare</span> <span class='ocrx_word' id='word_1_192' title='bbox 1274 2515 1363 2576; x_wconf 82' lang='lat' dir='ltr'>uictor,</span> 
     </span>
     <span class='ocr_line' id='line_1_25' title="bbox 266 2579 1362 2644; baseline 0.001 -18"><span class='ocrx_word' id='word_1_193' title='bbox 266 2579 324 2627; x_wconf 81' lang='lat' dir='ltr'>Nou</span> <span class='ocrx_word' id='word_1_194' title='bbox 344 2579 417 2627; x_wconf 80' lang='lat' dir='ltr'>sentit</span> <span class='ocrx_word' id='word_1_195' title='bbox 436 2581 539 2628; x_wconf 80' lang='lat' dir='ltr'>transire</span> <span class='ocrx_word' id='word_1_196' title='bbox 557 2581 629 2641; x_wconf 82' lang='lat' dir='ltr'>diem,</span> <span class='ocrx_word' id='word_1_197' title='bbox 652 2597 694 2630; x_wconf 84' lang='lat' dir='ltr'>suo</span> <span class='ocrx_word' id='word_1_198' title='bbox 711 2584 775 2630; x_wconf 79' lang='lat' dir='ltr'>scrin</span> <span class='ocrx_word' id='word_1_199' title='bbox 788 2583 841 2632; x_wconf 86' lang='lat' dir='ltr'>ludo</span> <span class='ocrx_word' id='word_1_200' title='bbox 861 2583 998 2642; x_wconf 60' lang='lat' dir='ltr'>Postdate,</span> <span class='ocrx_word' id='word_1_201' title='bbox 1020 2584 1060 2644; x_wconf 70' lang='lat' dir='ltr'>dfe.</span> <span class='ocrx_word' id='word_1_202' title='bbox 1103 2583 1176 2644; x_wconf 80' lang='lat' dir='ltr'>Virg.</span> <span class='ocrx_word' id='word_1_203' title='bbox 1200 2581 1290 2642; x_wconf 82' lang='lat' dir='ltr'>Eclog.</span> <span class='ocrx_word' id='word_1_204' title='bbox 1310 2591 1362 2627; x_wconf 81' lang='lat' dir='ltr'>vu.</span> 
     </span>
     <span class='ocr_line' id='line_1_26' title="bbox 264 2641 1362 2704; baseline 0.001 -15"><span class='ocrx_word' id='word_1_205' title='bbox 264 2642 527 2692; x_wconf 75' lang='lat' dir='ltr'>‘Posthabnitamen</span> <span class='ocrx_word' id='word_1_206' title='bbox 539 2645 639 2692; x_wconf 91' lang='lat' dir='ltr'>illorum</span> <span class='ocrx_word' id='word_1_207' title='bbox 650 2660 708 2694; x_wconf 82' lang='lat' dir='ltr'>mea</span> <span class='ocrx_word' id='word_1_208' title='bbox 723 2647 790 2694; x_wconf 86' lang='lat' dir='ltr'>seria</span> <span class='ocrx_word' id='word_1_209' title='bbox 802 2645 878 2695; x_wconf 68' lang='lat' dir='ltr'>ludo!</span> <span class='ocrx_word' id='word_1_210' title='bbox 911 2646 986 2696; x_wconf 79' lang='lat' dir='ltr'>erod</span> <span class='ocrx_word' id='word_1_211' title='bbox 1006 2644 1034 2692; x_wconf 79' lang='lat' dir='ltr'>rb</span> <span class='ocrx_word' id='word_1_212' title='bbox 1052 2645 1114 2693; x_wconf 83' lang='lat' dir='ltr'>diem</span> <span class='ocrx_word' id='word_1_213' title='bbox 1135 2646 1159 2692; x_wconf 92' lang='lat' dir='ltr'>in</span> <span class='ocrx_word' id='word_1_214' title='bbox 1178 2645 1232 2692; x_wconf 81' lang='lat' dir='ltr'>dein</span> <span class='ocrx_word' id='word_1_215' title='bbox 1242 2641 1362 2704; x_wconf 81' lang='lat' dir='ltr'>Scaliger</span> 
     </span>
     <span class='ocr_line' id='line_1_27' title="bbox 266 2707 1361 2774; baseline 0 -20"><span class='ocrx_word' id='word_1_216' title='bbox 266 2707 418 2764; x_wconf 86' lang='lat' dir='ltr'>mutaverit,</span> <span class='ocrx_word' id='word_1_217' title='bbox 442 2709 530 2757; x_wconf 87' lang='lat' dir='ltr'>nescio</span> <span class='ocrx_word' id='word_1_218' title='bbox 551 2723 582 2756; x_wconf 88' lang='lat' dir='ltr'>an</span> <span class='ocrx_word' id='word_1_219' title='bbox 603 2715 682 2758; x_wconf 87' lang='lat' dir='ltr'>reete.</span> <span class='ocrx_word' id='word_1_220' title='bbox 725 2711 753 2759; x_wconf 90' lang='lat' dir='ltr'>si</span> <span class='ocrx_word' id='word_1_221' title='bbox 775 2725 885 2774; x_wconf 83' lang='lat' dir='ltr'>persona</span> <span class='ocrx_word' id='word_1_222' title='bbox 905 2707 1046 2771; x_wconf 82' lang='lat' dir='ltr'>spectantis</span> <span class='ocrx_word' id='word_1_223' title='bbox 1067 2709 1187 2772; x_wconf 83' lang='lat' dir='ltr'>liqueret,</span> <span class='ocrx_word' id='word_1_224' title='bbox 1203 2707 1361 2756; x_wconf 84' lang='lat' dir='ltr'>scriberem:</span> 
     </span>
     <span class='ocr_line' id='line_1_28' title="bbox 265 2769 1361 2836; baseline 0 -18"><span class='ocrx_word' id='word_1_225' title='bbox 265 2769 330 2818; x_wconf 84' lang='lat' dir='ltr'>Dum</span> <span class='ocrx_word' id='word_1_226' title='bbox 341 2776 441 2834; x_wconf 83' lang='lat' dir='ltr'>spectat,</span> <span class='ocrx_word' id='word_1_227' title='bbox 458 2773 562 2820; x_wconf 80' lang='lat' dir='ltr'>transire</span> <span class='ocrx_word' id='word_1_228' title='bbox 579 2773 644 2830; x_wconf 60' lang='lat' dir='ltr'>diem</span> <span class='ocrx_word' id='word_1_229' title='bbox 660 2788 703 2822; x_wconf 80' lang='lat' dir='ltr'>stra</span> <span class='ocrx_word' id='word_1_230' title='bbox 721 2774 784 2823; x_wconf 80' lang='lat' dir='ltr'>serio</span> <span class='ocrx_word' id='word_1_231' title='bbox 802 2775 854 2823; x_wconf 87' lang='lat' dir='ltr'>ludo</span> <span class='ocrx_word' id='word_1_232' title='bbox 872 2773 1011 2823; x_wconf 78' lang='lat' dir='ltr'>Puatlulret.</span> <span class='ocrx_word' id='word_1_233' title='bbox 1028 2773 1083 2822; x_wconf 88' lang='lat' dir='ltr'>scil.</span> <span class='ocrx_word' id='word_1_234' title='bbox 1103 2772 1157 2835; x_wconf 87' lang='lat' dir='ltr'>ille,</span> <span class='ocrx_word' id='word_1_235' title='bbox 1177 2772 1221 2836; x_wconf 90' lang='lat' dir='ltr'>qui</span> <span class='ocrx_word' id='word_1_236' title='bbox 1241 2776 1361 2834; x_wconf 83' lang='lat' dir='ltr'>spectat:</span> 
     </span>
    </p>
   </div>
   <div class='ocr_carea' id='block_1_6' title="bbox 753 2899 862 2952">
    <p class='ocr_par' dir='ltr' id='par_1_12' title="bbox 753 2899 862 2952">
     <span class='ocr_line' id='line_1_29' title="bbox 753 2899 862 2952; baseline -0.018 0"><span class='ocrx_word' id='word_1_237' title='bbox 753 2899 862 2952; x_wconf 80' lang='lat' dir='ltr'>NOTAE</span> 
     </span>
    </p>
   </div>
   <div class='ocr_carea' id='block_1_7' title="bbox 230 3007 1386 3454">
    <p class='ocr_par' dir='ltr' id='par_1_13' title="bbox 230 3007 1386 3454">
     <span class='ocr_line' id='line_1_30' title="bbox 262 3007 1386 3078; baseline -0.002 -18"><span class='ocrx_word' id='word_1_238' title='bbox 262 3013 329 3062; x_wconf 83' lang='lat' dir='ltr'>laisa</span> <span class='ocrx_word' id='word_1_239' title='bbox 344 3013 444 3075; x_wconf 87' lang='lat' dir='ltr'>vitium,</span> <span class='ocrx_word' id='word_1_240' title='bbox 463 3027 524 3076; x_wconf 81' lang='lat' dir='ltr'>quas</span> <span class='ocrx_word' id='word_1_241' title='bbox 544 3027 591 3078; x_wconf 91' lang='lat' dir='ltr'>pro</span> <span class='ocrx_word' id='word_1_242' title='bbox 610 3014 678 3064; x_wconf 83' lang='lat' dir='ltr'>veris</span> <span class='ocrx_word' id='word_1_243' title='bbox 699 3015 788 3078; x_wconf 84' lang='lat' dir='ltr'>babet,</span> <span class='ocrx_word' id='word_1_244' title='bbox 830 3011 948 3075; x_wconf 84' lang='lat' dir='ltr'>Scaliger</span> <span class='ocrx_word' id='word_1_245' title='bbox 964 3017 1049 3062; x_wconf 86' lang='lat' dir='ltr'>mutat</span> <span class='ocrx_word' id='word_1_246' title='bbox 1066 3013 1128 3061; x_wconf 81' lang='lat' dir='ltr'>diem</span> <span class='ocrx_word' id='word_1_247' title='bbox 1147 3012 1173 3060; x_wconf 94' lang='lat' dir='ltr'>in</span> <span class='ocrx_word' id='word_1_248' title='bbox 1192 3011 1255 3066; x_wconf 83' lang='lat' dir='ltr'>dein,</span> <span class='ocrx_word' id='word_1_249' title='bbox 1272 3007 1360 3060; x_wconf 80' lang='lat' dir='ltr'>nescis</span> <span class='ocrx_word' id='word_1_250' title='bbox 1383 3066 1386 3068; x_wconf 46' lang='grc'><strong>,</strong></span> 
     </span>
     <span class='ocr_line' id='line_1_31' title="bbox 262 3087 1360 3152; baseline -0.002 -16"><span class='ocrx_word' id='word_1_251' title='bbox 262 3089 376 3152; x_wconf 81' lang='lat' dir='ltr'>imagine</span> <span class='ocrx_word' id='word_1_252' title='bbox 387 3089 527 3137; x_wconf 84' lang='lat' dir='ltr'>deluditur.</span> <span class='ocrx_word' id='word_1_253' title='bbox 733 3107 734 3112; x_wconf 47' lang='lat'>¹</span> <span class='ocrx_word' id='word_1_254' title='bbox 830 3104 862 3137; x_wconf 85' lang='lat' dir='ltr'>an</span> <span class='ocrx_word' id='word_1_255' title='bbox 874 3096 956 3146; x_wconf 82' lang='lat' dir='ltr'>recte.</span> <span class='ocrx_word' id='word_1_256' title='bbox 973 3088 1119 3138; x_wconf 80' lang='lat' dir='ltr'>Gronovius</span> <span class='ocrx_word' id='word_1_257' title='bbox 1131 3088 1236 3151; x_wconf 86' lang='lat' dir='ltr'>reponit</span> <span class='ocrx_word' id='word_1_258' title='bbox 1246 3087 1286 3149; x_wconf 81' lang='lat' dir='ltr'>qui</span> <span class='ocrx_word' id='word_1_259' title='bbox 1295 3101 1360 3149; x_wconf 83' lang='lat' dir='ltr'>spec·</span> 
     </span>
     <span class='ocr_line' id='line_1_32' title="bbox 230 3161 1359 3227; baseline -0.002 -15"><span class='ocrx_word' id='word_1_260' title='bbox 230 3197 231 3200; x_wconf 24' lang='lat'>¹</span> <span class='ocrx_word' id='word_1_261' title='bbox 294 3161 310 3191; x_wconf 69' lang='lat'>&#39;⁵</span> <span class='ocrx_word' id='word_1_262' title='bbox 327 3166 374 3212; x_wconf 88' lang='grc'>197</span> <span class='ocrx_word' id='word_1_263' title='bbox 396 3162 667 3225; x_wconf 75' lang='lat' dir='ltr'>caudiceo...lembo]</span> <span class='ocrx_word' id='word_1_264' title='bbox 693 3165 790 3212; x_wconf 84' lang='lat' dir='ltr'>Exta·</span> <span class='ocrx_word' id='word_1_265' title='bbox 831 3170 877 3226; x_wconf 83' lang='lat' dir='ltr'>tat,</span> <span class='ocrx_word' id='word_1_266' title='bbox 898 3164 929 3212; x_wconf 91' lang='lat' dir='ltr'>ad</span> <span class='ocrx_word' id='word_1_267' title='bbox 954 3178 1056 3212; x_wconf 86' lang='lat' dir='ltr'>sensum</span> <span class='ocrx_word' id='word_1_268' title='bbox 1078 3163 1208 3227; x_wconf 89' lang='lat' dir='ltr'>apposite,</span> <span class='ocrx_word' id='word_1_269' title='bbox 1233 3163 1279 3212; x_wconf 82' lang='lat' dir='ltr'>aed</span> <span class='ocrx_word' id='word_1_270' title='bbox 1302 3163 1359 3211; x_wconf 88' lang='lat' dir='ltr'>sine</span> 
     </span>
     <span class='ocr_line' id='line_1_33' title="bbox 260 3237 1359 3302; baseline 0 -16"><span class='ocrx_word' id='word_1_271' title='bbox 260 3237 327 3286; x_wconf 83' lang='lat' dir='ltr'>bulis</span> <span class='ocrx_word' id='word_1_272' title='bbox 346 3243 485 3286; x_wconf 80' lang='lat' dir='ltr'>contextor</span> <span class='ocrx_word' id='word_1_273' title='bbox 509 3237 588 3286; x_wconf 87' lang='lat' dir='ltr'>docet</span> <span class='ocrx_word' id='word_1_274' title='bbox 606 3239 672 3286; x_wconf 90' lang='lat' dir='ltr'>enim</span> <span class='ocrx_word' id='word_1_275' title='bbox 690 3239 789 3288; x_wconf 86' lang='lat' dir='ltr'>Seneca</span> <span class='ocrx_word' id='word_1_276' title='bbox 831 3239 988 3289; x_wconf 89' lang='lat' dir='ltr'>anctoritate</span> <span class='ocrx_word' id='word_1_277' title='bbox 1003 3239 1065 3290; x_wconf 87' lang='lat' dir='ltr'>libb.</span> <span class='ocrx_word' id='word_1_278' title='bbox 1084 3240 1148 3288; x_wconf 81' lang='lat' dir='ltr'>Msa.</span> <span class='ocrx_word' id='word_1_279' title='bbox 1181 3239 1271 3300; x_wconf 83' lang='lat' dir='ltr'>Certe,</span> <span class='ocrx_word' id='word_1_280' title='bbox 1289 3251 1359 3302; x_wconf 69' lang='lat' dir='ltr'>que·</span> 
     </span>
     <span class='ocr_line' id='line_1_34' title="bbox 260 3311 1360 3379; baseline 0.002 -19"><span class='ocrx_word' id='word_1_281' title='bbox 260 3311 293 3360; x_wconf 92' lang='lat' dir='ltr'>de</span> <span class='ocrx_word' id='word_1_282' title='bbox 304 3311 376 3361; x_wconf 87' lang='lat' dir='ltr'>brer.</span> <span class='ocrx_word' id='word_1_283' title='bbox 389 3311 435 3361; x_wconf 89' lang='lat' dir='ltr'>vit.</span> <span class='ocrx_word' id='word_1_284' title='bbox 451 3325 508 3374; x_wconf 82' lang='lat' dir='ltr'>erp.</span> <span class='ocrx_word' id='word_1_285' title='bbox 522 3315 561 3361; x_wconf 82' lang='lat' dir='ltr'>m.</span> <span class='ocrx_word' id='word_1_286' title='bbox 574 3311 717 3361; x_wconf 83' lang='lat' dir='ltr'>tabularum</span> <span class='ocrx_word' id='word_1_287' title='bbox 729 3327 788 3363; x_wconf 87' lang='lat' dir='ltr'>con·</span> <span class='ocrx_word' id='word_1_288' title='bbox 829 3329 939 3379; x_wconf 85' lang='lat' dir='ltr'>cumque</span> <span class='ocrx_word' id='word_1_289' title='bbox 951 3329 1011 3364; x_wconf 88' lang='lat' dir='ltr'>vera</span> <span class='ocrx_word' id='word_1_290' title='bbox 1027 3313 1107 3364; x_wconf 81' lang='lat' dir='ltr'>inerit</span> <span class='ocrx_word' id='word_1_291' title='bbox 1126 3314 1176 3363; x_wconf 88' lang='lat' dir='ltr'>loci</span> <span class='ocrx_word' id='word_1_292' title='bbox 1191 3314 1267 3378; x_wconf 84' lang='lat' dir='ltr'>hujus</span> <span class='ocrx_word' id='word_1_293' title='bbox 1278 3313 1360 3377; x_wconf 84' lang='lat' dir='ltr'>scrip·</span> 
     </span>
     <span class='ocr_line' id='line_1_35' title="bbox 260 3386 1359 3454; baseline 0.002 -17"><span class='ocrx_word' id='word_1_294' title='bbox 260 3395 361 3437; x_wconf 83' lang='lat' dir='ltr'>textum</span> <span class='ocrx_word' id='word_1_295' title='bbox 379 3387 447 3451; x_wconf 89' lang='lat' dir='ltr'>apud</span> <span class='ocrx_word' id='word_1_296' title='bbox 459 3386 588 3452; x_wconf 78' lang='lat' dir='ltr'>Antiquos</span> <span class='ocrx_word' id='word_1_297' title='bbox 599 3387 696 3437; x_wconf 90' lang='lat' dir='ltr'>dictum</span> <span class='ocrx_word' id='word_1_298' title='bbox 708 3387 788 3439; x_wconf 84' lang='lat' dir='ltr'>fnisse</span> <span class='ocrx_word' id='word_1_299' title='bbox 828 3396 896 3453; x_wconf 87' lang='lat' dir='ltr'>tura,</span> <span class='ocrx_word' id='word_1_300' title='bbox 914 3391 1036 3440; x_wconf 70' lang='lat' dir='ltr'>senensis</span> <span class='ocrx_word' id='word_1_301' title='bbox 1055 3405 1111 3440; x_wconf 85' lang='lat' dir='ltr'>erse</span> <span class='ocrx_word' id='word_1_302' title='bbox 1130 3390 1219 3439; x_wconf 88' lang='lat' dir='ltr'>debuit</span> <span class='ocrx_word' id='word_1_303' title='bbox 1238 3405 1313 3454; x_wconf 90' lang='lat' dir='ltr'>quem</span> <span class='ocrx_word' id='word_1_304' title='bbox 1332 3391 1359 3439; x_wconf 88' lang='lat' dir='ltr'>in</span> 
     </span>
    </p>
   </div>
   <div class='ocr_carea' id='block_1_8' title="bbox 258 3463 1464 3530">
    <p class='ocr_par' dir='ltr' id='par_1_14' title="bbox 258 3463 1464 3530">
     <span class='ocr_line' id='line_1_36' title="bbox 258 3463 1464 3530; baseline -0.001 -19"><span class='ocrx_word' id='word_1_305' title='bbox 258 3463 787 3528; x_wconf 85' lang='lat' dir='ltr'>‘candicem‚’undeetnavis‘caudicea,’</span> <span class='ocrx_word' id='word_1_306' title='bbox 827 3465 1049 3529; x_wconf 80' lang='lat' dir='ltr'>interpretatione</span> <span class='ocrx_word' id='word_1_307' title='bbox 1072 3466 1196 3528; x_wconf 83' lang='lat' dir='ltr'>expressi.</span> <span class='ocrx_word' id='word_1_308' title='bbox 1234 3466 1278 3514; x_wconf 86' lang='lat' dir='ltr'>Sic</span> <span class='ocrx_word' id='word_1_309' title='bbox 1299 3468 1359 3530; x_wconf 85' lang='lat' dir='ltr'>lego</span> <span class='ocrx_word' id='word_1_310' title='bbox 1461 3504 1464 3510; x_wconf 78' lang='grc'>,</span> 
     </span>
    </p>
   </div>
   <div class='ocr_carea' id='block_1_9' title="bbox 257 3537 1360 4208">
    <p class='ocr_par' dir='ltr' id='par_1_15' title="bbox 259 3537 1360 3759">
     <span class='ocr_line' id='line_1_37' title="bbox 259 3537 1359 3606; baseline 0.004 -20"><span class='ocrx_word' id='word_1_311' title='bbox 259 3545 287 3586; x_wconf 92' lang='lat' dir='ltr'>et</span> <span class='ocrx_word' id='word_1_312' title='bbox 299 3537 422 3586; x_wconf 81' lang='lat' dir='ltr'>Claudius</span> <span class='ocrx_word' id='word_1_313' title='bbox 434 3538 478 3601; x_wconf 88' lang='lat' dir='ltr'>qni</span> <span class='ocrx_word' id='word_1_314' title='bbox 496 3537 620 3587; x_wconf 83' lang='lat' dir='ltr'>Romanis</span> <span class='ocrx_word' id='word_1_315' title='bbox 631 3539 728 3602; x_wconf 77' lang='lat' dir='ltr'>primur</span> <span class='ocrx_word' id='word_1_316' title='bbox 742 3554 787 3589; x_wconf 83' lang='lat' dir='ltr'>na·</span> <span class='ocrx_word' id='word_1_317' title='bbox 826 3550 853 3592; x_wconf 91' lang='lat' dir='ltr'>et</span> <span class='ocrx_word' id='word_1_318' title='bbox 873 3543 1045 3606; x_wconf 78' lang='lat' dir='ltr'>interpungo:</span> <span class='ocrx_word' id='word_1_319' title='bbox 1064 3541 1130 3590; x_wconf 79' lang='lat' dir='ltr'>Dum</span> <span class='ocrx_word' id='word_1_320' title='bbox 1139 3545 1239 3604; x_wconf 80' lang='lat' dir='ltr'>apertat,</span> <span class='ocrx_word' id='word_1_321' title='bbox 1256 3543 1359 3590; x_wconf 70' lang='lat' dir='ltr'>munire</span> 
     </span>
     <span class='ocr_line' id='line_1_38' title="bbox 259 3613 1359 3682; baseline 0.008 -23"><span class='ocrx_word' id='word_1_322' title='bbox 259 3626 317 3660; x_wconf 83' lang='lat' dir='ltr'>rem</span> <span class='ocrx_word' id='word_1_323' title='bbox 340 3613 514 3662; x_wconf 81' lang='lat' dir='ltr'>conscendere</span> <span class='ocrx_word' id='word_1_324' title='bbox 537 3615 678 3677; x_wconf 84' lang='lat' dir='ltr'>persuasit,</span> <span class='ocrx_word' id='word_1_325' title='bbox 701 3616 787 3665; x_wconf 75' lang='lat' dir='ltr'>‘Can</span> <span class='ocrx_word' id='word_1_326' title='bbox 826 3619 898 3682; x_wconf 80' lang='lat' dir='ltr'>diem,</span> <span class='ocrx_word' id='word_1_327' title='bbox 909 3618 1035 3680; x_wconf 76' lang='lat' dir='ltr'>maceria,</span> <span class='ocrx_word' id='word_1_328' title='bbox 1050 3617 1103 3666; x_wconf 83' lang='lat' dir='ltr'>ludo</span> <span class='ocrx_word' id='word_1_329' title='bbox 1117 3617 1254 3667; x_wconf 82' lang='lat' dir='ltr'>Postltubet.</span> <span class='ocrx_word' id='word_1_330' title='bbox 1287 3619 1359 3668; x_wconf 84' lang='lat' dir='ltr'>Dum</span> 
     </span>
     <span class='ocr_line' id='line_1_39' title="bbox 259 3687 1360 3759; baseline 0.009 -25"><span class='ocrx_word' id='word_1_331' title='bbox 259 3687 328 3736; x_wconf 72' lang='lat' dir='ltr'>dex!</span> <span class='ocrx_word' id='word_1_332' title='bbox 827 3700 931 3758; x_wconf 84' lang='lat' dir='ltr'>spectat</span> <span class='ocrx_word' id='word_1_333' title='bbox 956 3694 1057 3759; x_wconf 81' lang='lat' dir='ltr'>(viator</span> <span class='ocrx_word' id='word_1_334' title='bbox 1083 3691 1189 3758; x_wconf 80' lang='lat' dir='ltr'>aliquis)</span> <span class='ocrx_word' id='word_1_335' title='bbox 1219 3693 1360 3757; x_wconf 74' lang='lat' dir='ltr'>posthabet</span> 
     </span>
    </p>

    <p class='ocr_par' dir='ltr' id='par_1_16' title="bbox 257 3761 1360 4045">
     <span class='ocr_line' id='line_1_40' title="bbox 291 3761 1359 3834; baseline 0.007 -23"><span class='ocrx_word' id='word_1_336' title='bbox 291 3763 305 3792; x_wconf 74' lang='lat'><em>*</em></span> <span class='ocrx_word' id='word_1_337' title='bbox 329 3765 376 3812; x_wconf 88' lang='grc'>199</span> <span class='ocrx_word' id='word_1_338' title='bbox 400 3763 541 3812; x_wconf 71' lang='lat' dir='ltr'>Umbronem</span> <span class='ocrx_word' id='word_1_339' title='bbox 563 3765 666 3828; x_wconf 82' lang='lat' dir='ltr'>confinia</span> <span class='ocrx_word' id='word_1_340' title='bbox 686 3767 787 3816; x_wconf 72' lang='lat' dir='ltr'>emunit</span> <span class='ocrx_word' id='word_1_341' title='bbox 826 3769 886 3817; x_wconf 87' lang='lat' dir='ltr'>hnic</span> <span class='ocrx_word' id='word_1_342' title='bbox 897 3761 958 3818; x_wconf 84' lang='lat' dir='ltr'>lndc</span> <span class='ocrx_word' id='word_1_343' title='bbox 970 3781 1017 3816; x_wconf 84' lang='lat' dir='ltr'>sua</span> <span class='ocrx_word' id='word_1_344' title='bbox 1029 3767 1098 3816; x_wconf 87' lang='lat' dir='ltr'>seria</span> <span class='ocrx_word' id='word_1_345' title='bbox 1115 3768 1230 3831; x_wconf 78' lang='lat' dir='ltr'>negotia,</span> <span class='ocrx_word' id='word_1_346' title='bbox 1246 3775 1274 3818; x_wconf 89' lang='lat' dir='ltr'>et</span> <span class='ocrx_word' id='word_1_347' title='bbox 1288 3770 1359 3834; x_wconf 88' lang='lat' dir='ltr'>qnod</span> 
     </span>
     <span class='ocr_line' id='line_1_41' title="bbox 257 3837 1360 3908; baseline 0.005 -19"><span class='ocrx_word' id='word_1_348' title='bbox 257 3837 344 3900; x_wconf 74' lang='lat' dir='ltr'>amir]</span> <span class='ocrx_word' id='word_1_349' title='bbox 361 3838 788 3903; x_wconf 82' lang='lat' dir='ltr'>Conaectitpraeterfloempalml·</span> <span class='ocrx_word' id='word_1_350' title='bbox 828 3843 931 3893; x_wconf 87' lang='lat' dir='ltr'>interim</span> <span class='ocrx_word' id='word_1_351' title='bbox 943 3843 1135 3892; x_wconf 80' lang='lat' dir='ltr'>transertdies.</span> <span class='ocrx_word' id='word_1_352' title='bbox 1151 3845 1360 3908; x_wconf 84' lang='lat' dir='ltr'>Expressumert</span> 
     </span>
     <span class='ocr_line' id='line_1_42' title="bbox 259 3914 1359 3982; baseline 0.006 -18"><span class='ocrx_word' id='word_1_353' title='bbox 259 3922 313 3964; x_wconf 89' lang='lat' dir='ltr'>tum</span> <span class='ocrx_word' id='word_1_354' title='bbox 326 3921 354 3964; x_wconf 90' lang='lat' dir='ltr'>et</span> <span class='ocrx_word' id='word_1_355' title='bbox 365 3914 482 3964; x_wconf 87' lang='lat' dir='ltr'>arborum</span> <span class='ocrx_word' id='word_1_356' title='bbox 495 3914 608 3976; x_wconf 79' lang='lat' dir='ltr'>umbras,</span> <span class='ocrx_word' id='word_1_357' title='bbox 622 3917 718 3980; x_wconf 75' lang='lat' dir='ltr'>quaein</span> <span class='ocrx_word' id='word_1_358' title='bbox 729 3917 787 3966; x_wconf 86' lang='lat' dir='ltr'>Mo·</span> <span class='ocrx_word' id='word_1_359' title='bbox 828 3933 861 3968; x_wconf 88' lang='lat' dir='ltr'>ex</span> <span class='ocrx_word' id='word_1_360' title='bbox 873 3919 946 3982; x_wconf 80' lang='lat' dir='ltr'>Virg.</span> <span class='ocrx_word' id='word_1_361' title='bbox 965 3919 1057 3981; x_wconf 77' lang='lat' dir='ltr'>Eclog.</span> <span class='ocrx_word' id='word_1_362' title='bbox 1068 3931 1117 3968; x_wconf 85' lang='lat' dir='ltr'>vn.</span> <span class='ocrx_word' id='word_1_363' title='bbox 1135 3919 1298 3970; x_wconf 83' lang='lat' dir='ltr'>‘Posthabui</span> <span class='ocrx_word' id='word_1_364' title='bbox 1318 3927 1359 3971; x_wconf 79' lang='lat' dir='ltr'>ta·</span> 
     </span>
     <span class='ocr_line' id='line_1_43' title="bbox 259 3991 1229 4045; baseline 0.004 -6"><span class='ocrx_word' id='word_1_365' title='bbox 259 3993 348 4040; x_wconf 86' lang='lat' dir='ltr'>sellam</span> <span class='ocrx_word' id='word_1_366' title='bbox 359 3991 452 4040; x_wconf 83' lang='lat' dir='ltr'>delatae</span> <span class='ocrx_word' id='word_1_367' title='bbox 465 4005 518 4040; x_wconf 76' lang='lat' dir='ltr'>ase</span> <span class='ocrx_word' id='word_1_368' title='bbox 528 3996 617 4039; x_wconf 86' lang='lat' dir='ltr'>mutuo</span> <span class='ocrx_word' id='word_1_369' title='bbox 628 3991 734 4043; x_wconf 79' lang='lat' dir='ltr'>distant.</span> <span class='ocrx_word' id='word_1_370' title='bbox 827 4008 886 4042; x_wconf 84' lang='lat' dir='ltr'>men</span> <span class='ocrx_word' id='word_1_371' title='bbox 899 3993 998 4042; x_wconf 90' lang='lat' dir='ltr'>illorum</span> <span class='ocrx_word' id='word_1_372' title='bbox 1007 4006 1065 4040; x_wconf 86' lang='lat' dir='ltr'>mea</span> <span class='ocrx_word' id='word_1_373' title='bbox 1074 3992 1141 4040; x_wconf 82' lang='lat' dir='ltr'>seria</span> <span class='ocrx_word' id='word_1_374' title='bbox 1151 3993 1229 4045; x_wconf 72' lang='lat' dir='ltr'>ludar</span> 
     </span>
    </p>

    <p class='ocr_par' dir='ltr' id='par_1_17' title="bbox 258 4067 1360 4208">
     <span class='ocr_line' id='line_1_44' title="bbox 290 4067 1360 4135; baseline 0.006 -21"><span class='ocrx_word' id='word_1_375' title='bbox 290 4070 339 4114; x_wconf 78' lang='grc'>996</span> <span class='ocrx_word' id='word_1_376' title='bbox 355 4067 422 4115; x_wconf 84' lang='lat' dir='ltr'>Dum</span> <span class='ocrx_word' id='word_1_377' title='bbox 430 4071 530 4130; x_wconf 79' lang='lat' dir='ltr'>spectat,</span> <span class='ocrx_word' id='word_1_378' title='bbox 540 4067 642 4116; x_wconf 68' lang='lat' dir='ltr'>nanum</span> <span class='ocrx_word' id='word_1_379' title='bbox 652 4067 723 4124; x_wconf 78' lang='lat' dir='ltr'>diem,</span> <span class='ocrx_word' id='word_1_380' title='bbox 734 4067 787 4132; x_wconf 61' lang='lat' dir='ltr'>be]</span> <span class='ocrx_word' id='word_1_381' title='bbox 859 4071 908 4116; x_wconf 79' lang='lat' dir='ltr'>me</span> <span class='ocrx_word' id='word_1_382' title='bbox 921 4067 1037 4129; x_wconf 78' lang='lat' dir='ltr'>Cumano]</span> <span class='ocrx_word' id='word_1_383' title='bbox 1049 4067 1360 4135; x_wconf 57' lang='lat' dir='ltr'>condecantemus,</span> 
     </span>
     <span class='ocr_line' id='line_1_45' title="bbox 258 4141 1086 4208; baseline 0.005 -18"><span class='ocrx_word' id='word_1_384' title='bbox 258 4141 341 4194; x_wconf 76' lang='lat' dir='ltr'>Locus</span> <span class='ocrx_word' id='word_1_385' title='bbox 353 4150 491 4205; x_wconf 83' lang='lat' dir='ltr'>corruptus</span> <span class='ocrx_word' id='word_1_386' title='bbox 509 4148 537 4192; x_wconf 89' lang='lat' dir='ltr'>et</span> <span class='ocrx_word' id='word_1_387' title='bbox 553 4143 612 4192; x_wconf 88' lang='lat' dir='ltr'>ideo</span> <span class='ocrx_word' id='word_1_388' title='bbox 630 4144 785 4195; x_wconf 80' lang='lat' dir='ltr'>intricatior.</span> <span class='ocrx_word' id='word_1_389' title='bbox 827 4145 976 4208; x_wconf 78' lang='lat' dir='ltr'>Cumpaniae</span> <span class='ocrx_word' id='word_1_390' title='bbox 989 4144 1086 4194; x_wconf 84' lang='lat' dir='ltr'>urbem.</span> 
     </span>
    </p>
   </div>
   <div class='ocr_carea' id='block_1_10' title="bbox 0 0 1504 4884">
    <p class='ocr_par' dir='ltr' id='par_1_18' title="bbox 0 0 1504 4884">
     <span class='ocr_line' id='line_1_46' title="bbox 0 0 1504 4884; baseline 0 0"><span class='ocrx_word' id='word_1_391' title='bbox 0 0 1504 4884; x_wconf 95' lang='lat' dir='ltr'> </span> 
     </span>
    </p>
   </div>
  </div>
 </body>
</html>
