3000 4882
482 385 709 436 ennrrnaurr
733 387 856 435 norro.
1148 376 1211 440 771

116 525 208 591 iilius
234 545 310 591 cnm
335 531 447 611 patreu
469 527 680 612 conjunctus:
703 529 747 593 ad
776 527 998 594 Consulatum
1024 540 1211 615 praeceptor
1307 577 1312 590 ·

116 633 299 692 evectuso'
341 628 373 694 8.
397 629 575 694 Possem!0
589 631 636 694 ire
649 649 710 712 per
729 649 843 694 omnes
864 632 1110 714 appellationes
1124 641 1212 715 tuas,

116 749 205 813 quas
225 730 305 794 olim
330 731 437 795 virtus
461 731 562 809 dedit,
585 751 670 814 quae
696 733 850 814 proxime
877 732 1008 796 fortuna
1033 737 1213 813 concessit,

116 849 204 913 quas
217 831 327 895 adhuc
341 830 541 913 indulgentia
556 832 669 896 divina
682 831 869 896 meditatur.
882 830 1082 898 Vocarem¹¹
1094 843 1113 871 W
1126 836 1212 901 Ger-

115 932 297 1009 manicum,
312 930 482 996 deditione
494 932 682 1013 gentilium:
703 930 984 1012 Alamannieum*
1007 937 1211 1006 traductione

115 1113 171 1164 belli
181 1115 295 1176 infausti:
311 1118 373 1179 qnod
390 1132 432 1166 nos
442 1116 641 1182 Ausoniosfllr'urn
652 1121 676 1164 et
685 1123 776 1180 putrem
787 1119 888 1179 collegas
898 1119 997 1168 inuicem
1003 1118 1087 1176 fecisti
1104 1121 1130 1170 in
1141 1123 1211 1170 Proe·

109 1177 223 1235 sectura.-
238 1182 298 1243 quod
307 1181 445 1243 promovisti
456 1196 492 1229 nne
509 1187 577 1230 tuum
595 1181 736 1242 magistrum
754 1184 785 1231 cd
804 1183 966 1231 Consulatum.
997 1183 1090 1232 Possem
1103 1187 1211 1248 persequi

115 1247 255 1292 tumentnes
265 1245 357 1307 tursius,
373 1261 429 1307 quos
445 1251 488 1294 tua
504 1246 580 1294 uirtus
589 1245 730 1305 jamdudum
740 1247 785 1295 riti
795 1247 904 1308 metuit.
940 1247 1005 1302 Quos
1022 1263 1097 1310 nuper
1108 1251 1211 1310 suisne

115 1306 162 1354 tter·
174 1308 263 1368 lungite
280 1314 329 1370 ert:
341 1314 365 1358 et
380 1325 436 1372 quos
446 1310 528 1358 diuino
539 1310 670 1370 benigniter
677 1316 748 1370 parat
758 1311 833 1359 odluc
843 1311 889 1359 tibi
898 1312 1028 1360 concedere.
1061 1312 1211 1376 Appellarens

114 1373 139 1418 te
151 1370 315 1421 Germanicum
329 1372 357 1421 oi
367 1373 508 1423 deddienenn
515 1374 624 1436 gentium
636 1374 747 1422 illarum:
763 1374 948 1437 Alemannicunr,
960 1390 986 1424 eo
996 1377 1056 1438 prod
1064 1382 1141 1440 coptos
1152 1377 1211 1427 telio

576 1515 755 1537 ‘eom‘

116 1627 185 1690 quod
197 1628 239 1677 tric
256 1629 401 1691 legebatur,
418 1629 552 1678 Acidaliae
572 1631 675 1692 reponit
689 1634 788 1691 erectus,
805 1630 912 1692 optime,
927 1636 1052 1680 censente
1066 1632 1211 1683 Florida-

117 1695 149 1741 10
165 1691 240 1742 Idem
258 1694 353 1741 Possem
365 1709 410 1756 pro
428 1695 599 1744 Pessum-ll
621 1693 683 1744 Vua
699 1696 834 1757 vulg.-l2
850 1695 979 1744 Desideret
990 1697 1124 1759 vulp—1³
1143 1698 1212 1752 Quod

609 1840 719 1890 NOTAE

115 1938 267 1988 societatem
284 1953 299 1986 a
317 1938 443 1988 Gratiano
462 1943 600 2001 assumtus,
615 1944 643 1990 et
685 1939 829 2000 Rubenius,
853 1939 908 1988 viro
929 1939 1011 1989 Musis
1031 1940 1113 1990 amico
1132 1939 1211 2005 (adde

116 2013 220 2064 Orienti
231 2015 393 2079 prepositus,
409 2016 476 2064 ultus
488 2022 536 2079 est,
551 2015 643 2065 Gothis
684 2021 712 2064 et
722 2015 795 2063 annin
807 2014 893 2078 graui)
905 2029 954 2064 uon
972 2014 1068 2064 liberet
1084 2021 1165 2064 totum
1183 2030 1212 2066 se

115 2091 347 2154 e'l’hraciapulsis.
684 2091 795 2154 negotiis
806 2091 966 2155 permittere.
998 2089 1039 2139 An
1052 2103 1113 2140 vero
1131 2089 1213 2153 dupli·

148 2166 254 2216 uFilius
274 2181 326 2216 cum
341 2167 423 2230 patre]
439 2167 502 2230 Ipse
513 2165 643 2216 Ausonius
684 2181 741 2217 cem
762 2167 951 2217 Praeiecturam
973 2167 1010 2216 lta
1035 2168 1156 2230 gesserit,
1182 2175 1212 2218 nt

115 2255 174 2289 cum
203 2247 278 2304 patre
297 2241 369 2292 Julio
389 2241 513 2291 Autronio.
547 2241 587 2290 De
613 2256 645 2290 ee
684 2243 778 2292 iterum
799 2240 879 2291 inerit
901 2241 1047 2292 Praefectus
1074 2241 1213 2305 Praetorio,

116 2313 282 2364 Praefectura
291 2316 366 2379 paulo
378 2315 457 2367 infra:
476 2316 530 2366 ‘Et
543 2316 580 2365 tui
590 2322 644 2365 tan·
683 2319 753 2367 iuter
768 2318 884 2366 eruditos
901 2331 950 2367 non
969 2323 1080 2368 constat.
1113 2317 1213 2367 Iterum

115 2401 171 2441 tum
194 2391 358 2441 Praefectura
376 2390 513 2442 beneficii:
539 2407 598 2455 qnae
617 2399 645 2442 et
684 2393 762 2444 inisse
794 2394 933 2457 probamus
967 2393 993 2442 in
1020 2392 1212 2444 Dissertatione

115 2469 175 2532 ipsa
185 2483 237 2516 non
249 2469 304 2519 uult
316 2468 371 2518 vice
383 2468 492 2532 simplici
510 2469 643 2532 gratulari,
685 2469 758 2534 operi
770 2469 883 2532 praetixa.

115 2543 249 2594 liberalius
268 2543 351 2595 divisa
367 2558 442 2608 quam
459 2543 567 2606 juncta:
586 2559 645 2594 cum
717 2546 882 2607 'Pr‘oeceptor
891 2542 992 2606 murts]
1009 2543 1071 2608 lpse
1084 2543 1211 2594 Ausonius

117 2626 250 2669 terreamus
262 2618 314 2667 duo
332 2618 472 2682 integrum,
488 2624 580 2667 neuter
600 2618 643 2670 de·
686 2621 803 2671 Gratiani
814 2626 967 2684 praeceptor.

115 2693 214 2746 sideret
224 2687 389 2758 separatum?
718 2696 733 2725 *
749 2697 953 2746 neomeniarum
965 2700 1097 2759 preceptor
1110 2694 1213 2756 euectus]

149 2773 164 2800 '¹
187 2772 228 2822 An
252 2771 406 2831 Proesectaroe
432 2769 556 2832 collegium
574 2768 646 2834 filias
685 2773 723 2820 Ut
735 2785 796 2820 vere
808 2772 944 2834 impletum
954 2766 1034 2819 inerit
1051 2769 1119 2834 quod
1137 2778 1215 2820 antea

116 2864 169 2898 curn
184 2853 254 2911 putre
269 2845 417 2908 cumcurm]
433 2846 486 2896 Hic
503 2853 560 2896 toto
579 2848 644 2895 coelo
684 2847 818 2900 luvenalis
827 2845 943 2894 dixerat:
954 2844 997 2892 ‘Si
1005 2845 1120 2894 Fortuna
1132 2845 1213 2906 volet,

116 2925 223 2974 aberret
234 2937 292 2974 cum
303 2922 397 2972 ceteris
405 2921 540 2986 interpres
550 2929 644 2980 noster,
685 2922 731 2972 lies
742 2922 775 2970 de
788 2921 903 2970 Rhetore
914 2919 1028 2972 Consul!

116 3001 178 3050 dum
189 2999 237 3048 hoc
249 2997 436 3049 ‘Praefectura
448 2999 600 3063 coileginm’
611 2998 644 3048 de
717 3005 733 3032 ⁹
755 2995 877 3058 Vocarem]
888 2995 932 3044 Sic
943 3003 1016 3044 recte
1026 2993 1158 3045 Acidalius
1166 3009 1213 3058 pro

115 3075 233 3126 Ausonio
243 3074 464 3139 Polite,.lulioqus
471 3075 527 3138 ejus
536 3080 645 3138 parente
685 3089 755 3130 coco:
771 3086 847 3135 supra
860 3071 938 3133 enirn,
956 3071 1076 3134 ‘possem
1092 3071 1213 3135 ire,'.&c.

115 3154 248 3219 iutelligit.
281 3152 354 3202 Infra
386 3153 454 3203 enim
487 3153 521 3203 de
553 3154 644 3204 eadem
685 3157 712 3199 et
723 3147 1020 3208 inira‘coooecterem,'
1034 3149 1084 3196 &c

116 3228 279 3280 Praefectura
301 3229 372 3280 dicet
387 3229 533 3280 Ausonius:
548 3229 556 3256 ⁴
569 3229 645 3279 Libe·
716 3231 730 3259 ¹
748 3225 975 3286 Germanicumirc.
985 3221 1173 3285 Alemannicum]
1188 3221 1214 3272 Α

115 3308 196 3356 ralins
207 3307 483 3371 divisaquanrjuncta,
500 3320 558 3355 cum
575 3311 646 3354 tene·
687 3298 1138 3362 Germanisctrilemannisejusdem
1147 3298 1213 3348 Ger·

117 3382 421 3445 amnsambointegrnur,
437 3387 530 3430 neuter
546 3381 647 3430 deside·
686 3378 778 3426 manian
802 3375 914 3440 populls.
957 3374 1101 3437 Utrumque
1121 3388 1214 3423 nornen

117 3466 159 3508 ret
169 3458 336 3522 separatum?
367 3457 444 3508 Quod
465 3457 495 3520 sl,
512 3462 542 3506 ut
563 3462 646 3520 patet,
686 3452 929 3514 Teutonicaliugua
942 3449 1010 3500 idem
1031 3465 1104 3514 poene
1122 3456 1214 3500 sonet:

117 3550 178 3585 cnm
200 3534 296 3597 malias
315 3539 406 3597 ageret
428 3547 475 3597 pro
496 3533 648 3595 Consulatu,
687 3536 728 3579 est
741 3529 810 3578 enirn
829 3541 886 3577 cun
905 3542 950 3576 sen
969 3540 1027 3576 ann
1041 3539 1121 3575 sanun
1139 3525 1214 3575 valde

117 3609 307 3662 Profecturam
318 3607 448 3658 Ausonius
460 3607 647 3671 tenebatjunc·
686 3605 736 3666 rir,
757 3605 805 3654 iroc
828 3610 879 3665 est,
894 3603 1029 3653 admodum
1049 3607 1167 3650 strenuus
1187 3607 1215 3656 et

117 3697 171 3739 tam
190 3688 277 3754 potius
299 3702 375 3752 qnam
395 3686 513 3747 divisam,
537 3689 646 3750 quonam
685 3680 772 3742 torris,
787 3693 944 3730 nmnmnurt
958 3692 1017 3728 vero
1029 3684 1098 3726 totus
1109 3676 1158 3738 vir,
1169 3691 1215 3726 seu

116 3772 197 3830 pacto
214 3765 264 3813 ista
283 3761 384 3815 ‘Julio'
395 3767 554 3826 competent,
570 3775 647 3826 quem
688 3771 792 3821 prorsus
803 3755 889 3805 fortis.
921 3756 964 3803 De
977 3753 1102 3802 Gratiano
1118 3751 1213 3801 Sextus

118 3842 167 3890 ex‘
178 3837 317 3903 Epiccdlo'
329 3841 499 3888 constatante
507 3843 646 3897 mortuum,
690 3832 777 3882 Aurei.
785 3834 876 3881 Victor
884 3831 909 3879 in
918 3829 1053 3892 Epitome:
1065 3827 1073 3855 ‘
1084 3827 1135 3876 liic
1143 3826 1214 3888 apud

117 3923 195 3980 quam
206 3914 290 3963 Polite
307 3913 402 3964 Consul
413 3912 565 3964 crearetur?
597 3910 648 3974 lgi-
688 3907 871 3972 Argentarium
898 3903 1021 3969 oppidum
1049 3901 1141 3950 Galliae
1170 3899 1215 3949 tri-

119 3997 164 4041 tur
175 4003 205 4040 ea
215 3989 383 4054 intelligenda
391 3988 423 4038 de
432 3987 648 4046 AusonioPodta,
688 3984 759 4046 ginta
773 3981 973 4031 Alamannorum
997 3978 1077 4027 millia
1097 3977 1123 4025 in
1144 3975 1213 4025 bello

118 4065 225 4128 ejusque
248 4070 309 4114 nato
328 4064 470 4127 Hesperio,
497 4062 540 4127 qui
565 4062 648 4112 socius
687 4057 816 4109 extinxit!
849 4057 897 4106 Cui
919 4060 1043 4106 consonat
1062 4052 1213 4106 Ammianus

118 4141 188 4204 patri
199 4137 278 4190 iuerit
289 4138 519 4204 adjunctus,qnod,
530 4138 567 4188 uti
576 4145 648 4188 recte
687 4135 854 4185 Marcellinus
866 4133 910 4186 lib.
922 4131 1020 4194 ultimo,
1031 4129 1122 4184 etalii.

117 4217 266 4281 suspicatur
291 4216 318 4266 in
345 4216 427 4283 Mallii
446 4213 578 4267 Theodori
594 4213 648 4266 vite
