2998 4884
569 379 750 430 nortun.

107 523 184 619 *Vel
198 522 262 588 triu
276 522 416 608 potanti,
431 521 485 586 vel
500 527 547 586 ter
561 523 624 587 tria
636 523 887 605 multiplicanti,

117 706 167 758 tris
176 709 267 772 poculo,
279 709 316 757 sel
325 705 464 772 multiplicet
475 705 525 756 tn'u
544 710 592 770 ter,
601 713 628 756 st
645 707 754 773 conficiat
764 706 847 758 atem
861 722 892 758 ιε
906 707 993 774 inspersi
1004 707 1107 762 ternario
1117 723 1213 761 asuero

610 835 719 887 ΝΟἸῈ

119 945 179 996 qnae
194 930 272 982 t'acile
289 931 354 982 solui
373 946 425 983 non
444 931 535 996 possit.
569 929 648 993 cnjus
688 945 745 980 vem
756 929 899 981 Miscentur
917 931 1016 996 cyathis
1035 933 1128 996 pocula
1145 947 1214 983 com-

118 1005 224 1070 quidem
235 1005 300 1070 legis
310 1006 457 1057 meminisse
466 1021 524 1057 eum
535 1013 649 1068 oportet,
688 1003 787 1055 modis!
819 1005 935 1069 Mystico
952 1007 995 1055 lex
1013 1005 1046 1054 de
1065 1021 1118 1070 qna
1135 1009 1216 1072 loqui·

118 1080 650 1146 quiGriphumAusonliroletlntelligere,
689 1087 741 1139 tur,
757 1080 880 1131 Graccis
895 1082 938 1131 lex
955 1087 1005 1146 est,
1020 1080 1037 1141 ἣ
1053 1081 1106 1146 spis
1123 1082 1215 1146 sumt

119 1171 153 1207 ne
166 1158 327 1220 florigerum
344 1157 468 1221 imitatus,
482 1155 595 1206 ordinem
610 1169 649 1204 re-
687 1156 721 1217 μὴ
739 1154 850 1221 flama,
867 1157 924 1206 ‘vel
947 1157 998 1206 tris
1018 1155 1088 1221 bibe,
1104 1159 1145 1207 vel
1164 1172 1215 1208 non

119 1233 208 1296 quiret
218 1233 246 1282 iu
256 1232 287 1282 iis
297 1247 355 1297 quas
364 1231 481 1282 ordinem
489 1230 639 1282 excludunt.
689 1234 824 1296 qustuor3’
840 1232 951 1289 scilieet,
967 1231 1050 1282 sitris
1068 1233 1160 1296 pocula
1173 1248 1215 1283 su·

152 1307 167 1336 ·
179 1307 262 1357 Plura
278 1307 311 1358 de
322 1307 421 1371 Gripho
432 1307 453 1356 si
464 1305 650 1368 velis,oousule
690 1319 777 1369 peres,
793 1305 825 1356 sd
840 1321 932 1356 norem
950 1321 1029 1372 nsque
1048 1307 1215 1371 pergendum.

120 1382 218 1434 Athen.
228 1381 272 1432 lib.
281 1393 310 1432 x.
321 1393 379 1448 cap.
391 1386 431 1431 17.
463 1381 585 1430 Ceterum
597 1378 650 1428 Au·
689 1379 732 1430 Ad
741 1381 808 1431 hono
818 1382 903 1445 legem
914 1381 1020 1445 respicit
1030 1381 1140 1434 Petron.
1158 1398 1216 1434 cunr

120 1457 189 1507 socii
201 1457 328 1520 Griphum
337 1457 434 1521 sllegst
445 1456 527 1505 Divus
543 1453 650 1506 Ambro·
690 1457 745 1508 site
760 1459 909 1510 ‘Excusare
919 1457 999 1524 coepit
1016 1473 1128 1510 morsm:
1147 1461 1216 1526 quod

119 1532 172 1580 sins
182 1530 253 1596 apud
261 1531 399 1582 Alucinum
411 1532 529 1596 Epistola
540 1531 573 1580 ad
582 1531 650 1594 Lug-
689 1532 772 1582 amios
783 1547 811 1581 se
828 1547 879 1582 non
898 1533 1048 1596 dimisisset,
1064 1534 1148 1586 tribus
1166 1536 1217 1585 nisi

120 1608 252 1658 dunenses
266 1608 379 1666 Fratres,
396 1614 536 1658 annotante
550 1608 649 1670 Despo·
690 1607 836 1671 potionibus
847 1622 862 1657 e
873 1608 930 1671 legs
939 1609 1051 1660 siccatis.

120 1683 167 1735 sio.
208 1682 241 1732 ln
261 1697 294 1734 no
315 1683 418 1748 Edyllio
440 1682 601 1734 reconditam
623 1689 651 1732 et
722 1682 738 1712 ⁹
754 1683 801 1734 ἣν
816 1681 880 1745 dide]
895 1681 995 1732 Auctor
1016 1683 1154 1748 Minos,in
1172 1700 1217 1749 sp·

121 1762 181 1810 velo
200 1760 367 1825 {enigmatum
385 1769 537 1814 summotum
556 1761 651 1813 doctri·
691 1757 801 1821 pendite
832 1756 1005 1821 Apologetiet
1036 1771 1084 1821 pro
1112 1758 1219 1809 Antonii

120 1850 181 1886 uam
200 1837 319 1898 agnoseit
328 1837 386 1890 Jos·
401 1837 516 1902 Scaliger
533 1838 652 1902 Epistola
691 1832 800 1897 Griptm,
816 1837 898 1886 totum
908 1832 972 1882 lllnd
983 1840 1162 1897 argumentum
1173 1834 1219 1886 Jo-

122 1915 180 1962 190.
213 1911 335 1964 Androne
343 1913 453 1964 Schotto
463 1912 595 1964 observat.
605 1913 651 1963 lib.
691 1913 1021 1980 anniVossorio'llreologo
1038 1912 1141 1965 minium
1162 1927 1220 1976 pro·

121 2000 155 2038 ιι.
165 2002 223 2052 cap.
232 1991 273 2038 at.
283 1989 387 2058 elegans
396 1993 425 2039 et
435 1995 539 2040 acutum
557 1988 652 2038 dicitnr
690 1987 778 2039 batum
797 1987 888 2052 fuisse,
912 1989 955 2040 rel
981 1995 1091 2052 proptor
1115 1987 1219 2038 initiunt

121 2061 286 2114 Poimstion.
318 2065 362 2114 De
378 2064 427 2114 hoc
443 2071 471 2114 et
488 2064 557 2128 apud
568 2065 653 2114 Mino·
692 2063 818 2116 Carminis
828 2064 961 2125 ludicrum,
978 2063 1050 2128 qussi
1061 2063 1095 2113 de
1105 2062 1219 2114 bibendo

121 2139 450 2190 emhubeuturversusilli
467 2154 519 2190 uon
538 2140 651 2191 inficetis
692 2141 725 2190 sd
736 2153 871 2190 numerum
880 2139 1076 2204 preciperetur.
1106 2138 1145 2190 At
1158 2151 1221 2188 vero

120 2214 189 2263 ‘'l'er
199 2213 259 2277 lege
270 2219 311 2263 ter
321 2213 425 2265 doctum
436 2214 522 2278 lepido
533 2217 580 2265 snb
595 2229 650 2266 car·
691 2216 777 2266 Poits
795 2215 945 2280 auspicatus
962 2230 979 2264 ιι
995 2214 1112 2278 ludicris,
1133 2213 1220 2264 statim

122 2288 192 2338 mine
202 2288 301 2349 ludum,
318 2289 420 2338 Lector.
452 2288 652 2340 Inhumsnsscd
692 2290 987 2354 sdpenitioseomulcm
1005 2289 1221 2354 ferediseiplina·

123 2362 217 2426 procul
227 2361 332 2413 invidis.
353 2363 404 2412 Ter
412 2377 477 2427 puro
487 2363 557 2414 lecto
568 2377 653 2413 recre-
693 2380 748 2416 rum
759 2365 904 2429 penetralia
915 2366 1039 2416 lectorem
1051 2363 1168 2416 deducit.

122 2440 209 2490 uberis
231 2439 286 2502 ipse
309 2438 403 2490 libello.
436 2439 489 2488 Ter
516 2440 584 2503 lege,
611 2445 653 2490 ter
724 2440 739 2469 *
757 2441 853 2490 Totiesn
873 2439 964 2503 testor]
979 2440 1079 2505 supple
1101 2440 1221 2504 scyphos.

123 2515 234 2574 doctus3
253 2513 522 2576 tertibigratuserit.
555 2514 653 2566 Jsmsl
693 2516 778 2566 Docet
804 2515 906 2566 Plinius
937 2515 1009 2566 ilict.
1041 2516 1089 2566 lib.
1117 2529 1222 2565 xxvrrr.

123 2604 172 2648 me,
184 2587 308 2651 audieris,
324 2587 402 2638 tacito
421 2589 486 2639 licet
506 2596 568 2639 ants
585 2589 653 2654 peri·
692 2591 855 2643 Demetrium
877 2591 1024 2641 condidisse
1048 2592 1168 2642 column
1189 2591 1222 2640 de

123 2666 209 2716 cluam
226 2665 277 2714 'Per
287 2663 354 2728 lege,
363 2670 403 2714 ter
410 2663 491 2726 lecto,
501 2669 543 2714 ter
553 2678 653 2730 quoque
693 2666 859 2732 quaternario
870 2680 986 2728 numero,
997 2673 1025 2716 ct
1032 2680 1112 2730 quare
1120 2672 1224 2731 quster·

123 2738 304 2792 doctuseria’
351 2751 353 2757 ’
693 2740 853 2804 nariicyatlti
865 2740 1005 2791 sextariive
1016 2754 1069 2790 non
1080 2748 1170 2791 esseut
1178 2754 1224 2803 po·

158 2815 280 2879 Griplsss]
297 2817 381 2879 l'pipos
400 2821 428 2865 et
446 2816 530 2878 l'pisos
549 2816 655 2879 Gripltsss
694 2818 777 2868 tandi.

124 2905 171 2942 seu
184 2891 286 2954 Gripus,
294 2891 400 2954 propris
412 2889 480 2942 Rete
489 2890 655 2962 ptscptorium
728 2892 743 2923 ⁴*
759 2892 803 2942 Sic
813 2892 912 2956 mystico
923 2894 963 2941 lex
972 2889 1020 2954 est]
1035 2893 1086 2941 Vel
1098 2898 1141 2940 ter
1156 2891 1224 2948 bibe,

125 2974 176 3029 est,
192 2967 293 3029 dissum,
308 2973 338 3016 ut
353 2966 460 3029 exponit
475 2965 576 3016 fluidas.
608 2967 657 3018 Est
697 2968 739 3016 rel
759 2967 856 3018 novies.
888 2967 950 3028 l'er,
972 2966 1055 3030 lnquit
1079 2963 1165 3016 Acron
1192 2966 1225 3016 ad

125 3042 217 3104 etism,
233 3048 263 3092 ut
274 3041 312 3090 sit
320 3041 374 3104 ille,
390 3039 504 3092 olom
513 3040 553 3090 sul
569 3056 657 3102 συμπι·
697 3041 791 3094 Horat.
802 3039 854 3092 0d.
866 3044 907 3090 le.
918 3039 963 3090 lib·
973 3053 1019 3090 ιιι.
1039 3045 1147 3104 propter
1160 3041 1227 3090 Gra·

125 3117 351 3180 emphasim,
368 3115 456 3179 dixu
464 3115 659 3178 πόθοιδνὲιιτΰ
697 3117 747 3168 tiss
776 3130 835 3181 quse
863 3116 983 3167 iustitium
1007 3115 1113 3180 dabant,
1137 3116 1227 3168 novies

126 3193 159 3254 itit
169 3192 316 3257 φαινόμενον.
326 3191 464 3244 ‘Difficilis
475 3202 502 3242 et
513 3193 658 3256 implieetur
698 3199 806 3255 propter
816 3192 918 3242 Musas.
938 3192 1064 3242 Similiter
1071 3194 1154 3242 Varro
1165 3207 1227 3242 oon·

126 3270 327 3333 sermo,lrsbens
335 3270 362 3320 in
370 3283 506 3320 sessurum
518 3284 567 3318 nou
577 3283 657 3333 spps-
697 3267 812 3318 uirsrum
831 3280 963 3316 numerum
982 3266 1107 3316 deberes
1124 3265 1227 3318 Gratia·

126 3345 249 3398 rentem.'
282 3344 341 3394 Hoc
352 3345 490 3408 posteriori
504 3343 660 3407 significatu,
697 3357 755 3392 rum
766 3342 882 3405 incipere
892 3355 1008 3404 numero,
1024 3347 1053 3390 et
1063 3341 1186 3405 progredi
1195 3341 1228 3390 ad

127 3421 173 3487 qni
192 3419 384 3482 metaphoricos
402 3422 454 3482 est,
468 3419 510 3468 laic
523 3417 659 3480 accipitur.
698 3418 1095 3469 Musarumnumerumoensuit.
1129 3419 1175 3468 Nil
1186 3431 1230 3466 ue·

127 3494 289 3560 Hnjnsmodi
306 3494 436 3558 enigmata
455 3507 501 3542 seu
529 3505 659 3543 sermones
699 3498 895 3544 cesseestcum
905 3491 994 3541 Minoi
1012 3505 1060 3556 per
1073 3492 1228 3556 ‘mysticam
1255 3505 1257 3510 ·

128 3572 255 3624 obscuros
266 3569 363 3632 Latini,
380 3576 445 3620 testo
456 3569 545 3620 Gellio
553 3570 599 3620 lib.
607 3583 659 3619 ιιι.
698 3566 802 3632 legem‚’
829 3565 900 3616 eliud
927 3579 1049 3616 arcanum
1074 3566 1229 3630 intelligere,

128 3662 190 3712 osp.
206 3651 235 3697 o.
257 3644 384 3710 ‘scirpos’
405 3646 465 3696 olim
487 3646 660 3709 appellarunt.
700 3642 769 3707 quod
781 3642 853 3706 quusi
863 3648 980 3692 sunctum
988 3649 1068 3706 etque
1080 3641 1229 3706 religiosum

127 3723 354 3789 supermenssut
371 3722 508 3786 plurimum
527 3721 596 3770 inter
615 3734 661 3784 po·
700 3719 786 3782 aliquo
814 3722 919 3780 tegatur
949 3715 1093 3767 involucro.
1141 3717 1230 3778 longe

129 3800 239 3852 tandum
248 3797 358 3862 proponi
368 3797 443 3848 solitu
453 3801 529 3847 erant
538 3795 661 3860 ejusmodi
700 3792 786 3858 petits
804 3806 862 3856 quse
884 3789 965 3854 addit,
982 3790 1094 3840 l’oiitam
1114 3789 1230 3840 slludere

130 3871 279 3936 enigmate,
295 3870 405 3935 pmnsiu
416 3871 527 3935 eumqut
546 3883 597 3919 non
613 3870 662 3918 sol·
700 3867 734 3918 sd
753 3881 872 3918 numeros
889 3866 1089 3931 Pythagoricos,
1105 3866 1155 3915 etsi
1177 3877 1230 3912 uon

129 3955 205 4000 reret
214 3947 349 4012 proposita
359 3945 503 4010 mollioris
514 3946 599 4010 poculi
617 3959 661 3996 ex·
701 3944 793 4008 ignoro
804 3943 944 3992 ternarium
955 3955 1088 3992 numerum
1105 3955 1122 3990 s
1130 3938 1229 4002 Pytha·

131 4023 260 4076 siccsndi.
701 4019 794 4083 goraeis
805 4018 898 4069 crebro
908 4025 1070 4082 usurpatum,
1087 4011 1229 4062 adhibitum

163 4103 177 4148 1
198 4101 247 4150 Ter
258 4098 318 4159 lits,
327 4097 432 4161 ssl,t5o:]
447 4095 540 4146 Horat.
551 4095 610 4144 Ode
622 4099 661 4145 19.
701 4107 802 4158 quoque
820 4091 984 4144 avctoribus
1002 4092 1029 4140 in
1044 4088 1124 4140 sacris
1143 4087 1232 4152 sepis·

134 4175 178 4226 lib.
191 4188 235 4226 ιιι.
253 4174 308 4236 jam
319 4171 414 4222 citum:
430 4164 539 4221 ‘l'ribsis
556 4177 600 4220 sut
616 4184 662 4220 no·
701 4169 772 4220 sime.

198 4251 386 4316 volptatum.
398 4251 462 4300 Cios.
634 4251 721 4298 Asson.
1105 4249 1121 4293 2
1139 4244 1164 4293 lt
