2998 4884
559 367 736 416 unitata,

106 508 210 586 Signa
225 505 314 569 cauit
330 525 422 586 serus
437 505 599 589 deprenso
615 507 724 572 Marte
738 509 883 574 satelles.

104 688 260 752 deprebensae
270 672 305 738 est
316 689 384 738 Mars
399 689 426 738 ι’»
435 690 559 756 adulterio,
568 695 605 740 ter
616 692 738 753 manifeste
748 693 869 757 sigmficat
884 699 957 746 esna
964 696 1093 746 dueum
1103 696 1195 746 dilus·

567 841 749 866 mm

107 937 229 988 defendit
246 938 415 989 uolnus-st
433 941 538 1004 Βιριιιοο
557 941 621 1004 legit
638 941 755 1004 Scaliger
777 957 810 994 ex
827 950 880 992 ret.
901 943 1024 994 com—ti
1042 944 1125 992 Vetus
1139 941 1200 994 eod.

602 1068 708 1118 ΝΟΊῈ

110 1162 193 1213 cubet
212 1177 260 1226 per
275 1163 372 1214 boram.
403 1163 469 1214 Tres
483 1163 637 1214 eulmeraut
711 1158 1022 1229 Teneturos'ssslnstisEos]
1044 1165 1206 1229 Parrhasius,

109 1240 137 1288 iu
151 1253 303 1302 unaquaque
315 1239 403 1300 sigilla
412 1238 494 1288 borae.
678 1244 706 1286 et
718 1243 776 1302 post
787 1253 844 1288 euru
855 1240 950 1296 Silvius
960 1238 1107 1300 Anthianus,
1123 1246 1150 1289 at
1161 1240 1206 1288 Vi·

144 1314 160 1342 *
178 1315 307 1377 Noctisque
323 1329 367 1378 per
383 1315 488 1366 ambrum
507 1312 640 1376 Tergemini
678 1313 1206 1376 uetusdeGalloGallinaceointelligunt‚

110 1388 210 1451 males]
231 1389 313 1438 Locus
332 1389 468 1438 msuodsrm
487 1389 640 1438 salebrosos.
680 1387 951 1440 exbncianofabulam
959 1389 1208 1439 narrantein‘Sous·

112 1467 194 1516 Certa
207 1479 282 1512 nemo
292 1478 367 1529 quesn
386 1465 500 1514 noverim
517 1465 641 1513 hactenus
680 1463 723 1512 ulo
734 1477 780 1512 sen
793 1463 868 1513 Gallo
877 1463 894 1514 ι’
914 1465 947 1514 ad
960 1479 1035 1528 qnam
1046 1463 1158 1514 fabulam
1169 1479 1208 1513 re·

112 1554 170 1590 resn
181 1539 280 1602 tetigit.
313 1540 422 1590 Vinctus
433 1546 460 1589 et
469 1539 587 1602 Scaliger
597 1551 641 1586 ex·
681 1538 795 1601 spexisse
818 1540 858 1588 bic
880 1539 1022 1590 Ausonium
1046 1553 1209 1605 nequaqnam

112 1617 232 1679 plicant:
249 1628 307 1664 cuns
317 1615 371 1664 sint
380 1622 491 1680 quatuor
502 1614 605 1677 vigilite,
615 1614 642 1662 lu
681 1611 787 1662 dubito:
807 1614 930 1678 quicquid
956 1616 982 1663 in
1001 1615 1155 1664 contrarium
1175 1613 1212 1664 af·

112 1690 225 1754 singuiis
243 1695 331 1739 tensos
346 1691 434 1750 vigiles
449 1689 537 1750 fuisse,
555 1703 643 1754 qtsesn·
682 1685 751 1736 ferat
770 1689 894 1752 Scaliger,
912 1689 968 1754 (qni
988 1692 1085 1756 depenso
1105 1704 1152 1753 pro
1171 1691 1210 1738 de·

116 1779 168 1828 qne
186 1779 237 1828 pro
251 1779 297 1813 sna
307 1765 369 1814 bora
380 1765 529 1818 excubasse.
562 1764 598 1814 At
610 1776 643 1814 ax
680 1777 764 1825 presso
774 1763 848 1826 legit,
865 1771 894 1814 et
913 1765 946 1815 ‹le
963 1765 1069 1816 diluculi
1085 1763 1211 1827 signitica-

115 1841 230 1905 Vegetio
239 1840 285 1892 lib.
293 1853 338 1890 ιιι.
349 1855 407 1904 cap.
417 1845 441 1891 8.
457 1848 566 1906 qualitor
577 1841 644 1889 vito·
686 1837 756 1886 tione
767 1852 782 1886 a
795 1838 959 1888 buccinators
971 1838 1043 1888 t‘erta
1062 1841 1214 1901 interpreta-

116 1931 174 1966 rusn
185 1917 287 1980 vigilias
297 1917 424 1979 extitisse,
441 1922 469 1965 et
487 1915 599 1979 siugulos
610 1915 646 1965 vl·
687 1911 752 1976 tur‚)
769 1921 815 1963 aut
829 1914 960 1976 Mariang.
973 1914 1132 1976 Autumni
1150 1913 1213 1962 Cor·

117 1993 183 2054 giles
204 1992 287 2042 tribus
301 1991 370 2040 boris
380 1991 522 2041 excubasse
533 1995 646 2040 constat.
687 1999 747 2036 snm
759 1988 856 2037 meruit
870 2003 946 2053 quam
958 1989 1072 2050 Gallum,
1087 2002 1118 2037 eu
1135 1987 1214 2051 quod,

119 2067 191 2130 Hoc,
208 2067 255 2118 lib.
274 2083 301 2116 v.
320 2068 392 2117 Dial.
410 2071 434 2119 s.
445 2067 478 2117 tle
489 2067 585 2117 Militia
596 2067 648 2116 Ru·
687 2064 843 2126 utinensis,
861 2063 959 2114 corum
975 2072 1016 2113 ter
1026 2065 1121 2113 salutet
1131 2063 1215 2113 Auro·

118 2143 403 2206 nannetensem,
419 2143 462 2208 qni
480 2150 509 2192 ut
526 2157 555 2193 se
570 2156 649 2205 expe·
691 2154 755 2197 rans,
775 2138 856 2204 (quod
877 2139 970 2204 probat
987 2141 1045 2190 loco
1065 2140 1163 2190 Sidonii
1182 2139 1215 2188 ad

118 2219 185 2280 diat,
195 2219 273 2270 aliter
281 2219 419 2281 legendnm
430 2218 587 2282 suspicetur,
597 2231 651 2266 mn·
690 2215 857 2280 Domitium)
875 2233 924 2269 nec
944 2219 1037 2283 legerit
1055 2232 1070 2266 a
1088 2229 1215 2282 quoquam

120 2301 216 2358 tuque
227 2295 297 2344 nulla
308 2295 464 2345 auctoritate
482 2296 558 2344 nistra
575 2301 651 2356 terge·
692 2294 816 2352 traditum
832 2295 921 2344 Gallos
940 2300 980 2344 tas
996 2293 1122 2346 matutino
1137 2299 1218 2343 canta

121 2369 182 2419 mirsi
198 2371 225 2419 in
236 2372 398 2432 tergeminum.
416 2369 547 2432 ‘Umbra‚'
559 2370 653 2432 iuquit,
690 2368 777 2418 notem
797 2369 980 2420 adventantem
999 2369 1122 2419 salutare,
1155 2367 1218 2416 Nun

122 2447 294 2508 ‘tergemina
312 2459 362 2494 non
374 2445 425 2508 ipsi
436 2445 538 2508 vigiles,
556 2443 582 2492 lsl
602 2450 653 2504 est,
692 2445 793 2506 legerat
803 2444 905 2494 scillcet
916 2444 979 2494 tttuu
994 2443 1125 2494 Theocriti
1141 2443 1221 2508 idyll.

121 2521 194 2570 besse
207 2527 289 2568 tensae
300 2520 328 2568 in
339 2519 444 2583 uigiliis,
454 2519 521 2585 quod
538 2517 654 2568 elerum!
687 2529 771 2573 xxiv.
781 2517 885 2582 'onnes
899 2517 1045 2584 spirantium
1059 2517 1102 2567 τὸν
1117 2516 1223 2580 texeras

122 2596 178 2646 besl
188 2609 246 2645 cunr
256 2595 313 2658 ipse
321 2592 436 2643 fateatur
443 2593 565 2642 eadwine
577 2593 653 2655 paulo
691 2593 771 2658 ὄρθρον
783 2583 866 2644 benur}
883 2595 970 2644 ‘Galil
983 2595 1086 2644 tertium
1094 2593 1148 2656 jam
1160 2593 1221 2642 ulti-

125 2671 393 2735 ‹liutuna3qnauquam
405 2667 655 2732 aosenegatuiien·
693 2683 761 2719 sunan
781 2669 922 2718 diluculum
944 2667 1090 2720 cauebant!
1122 2668 1173 2717 Seu
1195 2681 1222 2716 o·

124 2748 170 2808 sli;
191 2762 224 2796 ac
243 2754 371 2810 preterea
389 2759 515 2811 nusquam
534 2750 656 2794 occursat
695 2759 764 2808 perae
777 2744 886 2807 pretium
898 2750 940 2793 est
947 2742 1058 2792 tabulam
1069 2755 1102 2791 ex
1111 2741 1223 2790 Lucisne

125 2825 207 2876 lectio
231 2837 306 2888 quam
328 2823 459 2887 proponit,
487 2822 536 2871 alia
554 2819 657 2869 demum
696 2819 806 2870 referre.
832 2817 1225 2880 Adolescentulusquislamfuit

126 2913 193 2963 opus
204 2904 247 2948 est
256 2899 481 2962 interpretatione.
499 2897 569 2947 Puto
579 2896 658 2960 igitur
696 2894 853 2958 'Asampsbn
880 2893 907 2942 lsl
934 2900 975 2941 est
996 2892 1087 2941 Gallus
1111 2890 1225 2952 nomine,

128 2977 272 3028 Ausonium
282 2977 309 3025 ln
317 2976 402 3026 animo
409 2975 527 3026 babuisse
535 2974 658 3025 excubias
698 2971 779 3020 Marti
790 2969 931 3032 adamatus,
942 2981 1018 3032 quesn
1028 2968 1061 3029 is,
1071 2979 1129 3016 cuns
1141 2966 1226 3016 Vene-

129 3061 184 3103 trea
196 3052 267 3116 apud
279 3053 440 3104 Quaesturam
453 3067 499 3102 sen
510 3052 543 3101 sti
555 3052 610 3115 ejus
619 3057 659 3100 tu-
700 3056 754 3093 rem
769 3044 863 3107 adiret,
880 3043 999 3108 quonism
1017 3042 1104 3092 Solem
1124 3042 1225 3105 potissi·

131 3130 211 3180 tetam
222 3128 280 3178 sert
290 3128 423 3190 cortuum
434 3133 508 3190 petet
516 3138 549 3178 ex
560 3127 600 3176 nn
607 3127 658 3177 1²0·
699 3133 768 3169 num
778 3118 921 3181 metuebat,
935 3131 967 3167 ue
978 3116 1028 3168 sie
1047 3115 1149 3166 sublimi
1166 3129 1227 3166 con·

131 3207 194 3269 lybii
206 3205 253 3254 sib,
264 3217 302 3254 w,
317 3202 421 3253 rim
431 3200 497 3252 eles
508 3199 660 3263 erumpet,
699 3193 835 3256 sparsisset,
851 3193 968 3242 Vulcano
988 3203 1015 3238 se
1034 3190 1167 3254 praelucet,
1182 3203 1228 3238 ex·

132 3279 236 3344 φυλακαὶ
250 3278 312 3342 παρὰ
327 3277 480 3340 eternales,
497 3281 545 3328 esc.
576 3273 660 3328 Immo
700 3269 787 3319 eubias
807 3281 884 3331 agere
901 3267 933 3316 ad
953 3265 1045 3315 usuum
1058 3264 1182 3327 jubebat,
1199 3269 1229 3312 ut

133 3357 248 3407 arbitror
276 3369 334 3404 anns
366 3354 511 3418 respexisse
544 3359 661 3402 veterum
701 3347 759 3410 ejus
782 3345 876 3394 iudicio
902 3341 1000 3393 certios·
1025 3340 1101 3390 lieret
1128 3338 1230 3404 quaudo

134 3433 288 3483 Graecorum
309 3443 416 3491 morem,
433 3442 496 3493 quos
513 3434 615 3477 noctem
635 3427 662 3475 in
702 3427 848 3483 emergeret
858 3418 911 3468 Sul.
944 3416 1008 3465 Cum
1020 3420 1105 3464 autem
1117 3414 1232 3479 aliquau-

134 3515 187 3558 tres
196 3512 288 3571 partes
296 3503 543 3554 duntaxatseeulsse
554 3502 664 3567 plurima
703 3497 737 3546 do
748 3508 836 3543 somno
847 3501 985 3556 oppressus
996 3489 1114 3553 egregins
1134 3488 1177 3539 ille
1188 3501 1233 3535 ex·

137 3584 248 3632 inunum
263 3581 370 3631 Homeri
390 3592 420 3629 ac
439 3578 572 3629 Theocriti
590 3579 663 3638 loca3
704 3572 806 3623 cubitos
833 3570 968 3619 stationem
994 3567 1160 3628 deseruisset,
1187 3565 1234 3614 Sol

139 3662 177 3709 rel
189 3657 374 3716 Hebraeorum,
382 3669 446 3722 quos
453 3660 555 3705 constat
563 3658 666 3703 noctem
705 3661 795 3697 secure
807 3643 964 3694 dormientes
978 3641 1150 3706 deprehendit
1164 3639 1236 3690 Mas·

138 3736 164 3785 in
172 3744 230 3786 tres
239 3733 340 3796 vigilias
350 3732 460 3796 partitos
467 3730 546 3780 fnisse
556 3728 667 3792 antiqui·
706 3730 759 3774 tens
771 3729 799 3770 et
809 3722 948 3781 Venerem,
966 3731 997 3768 au
1007 3717 1124 3765 Vulcano
1137 3715 1234 3765 iudiea-

141 3819 189 3874 tus,
206 3822 316 3873 quarum
334 3807 443 3869 prinam
462 3804 588 3856 vocabant
604 3802 669 3852 ‘inb
708 3797 754 3859 sit,
770 3795 815 3860 qui
833 3795 883 3843 reti
900 3790 986 3840 ferreo
1003 3789 1175 3840 circumdatos
1192 3801 1236 3836 ee·

141 3887 205 3936 sium
218 3883 362 3948 vigiliarum
368 3881 385 3944 ς’
396 3882 505 3930 alteram
517 3877 643 3928 ‘mediam
651 3875 669 3937 ς’
709 3871 772 3922 teris
783 3869 840 3917 Diis
850 3865 967 3916 exhibuit
982 3863 1144 3914 deridendos.
1176 3861 1236 3912 Qun

143 3961 247 4012 sertiaux
274 3958 385 4021 denique
411 3956 544 4018 ‘sigillam
565 3952 670 4004 matuti·
710 3960 743 3996 ex
762 3940 920 3994 contumelia
938 3939 1028 3989 dolens
1047 3938 1128 3995 Mars,
1145 3935 1238 3983 somni·

144 4049 200 4084 nam
210 4035 228 4083 ε’
238 4035 321 4081 denec
333 4033 382 4095 ipsi
392 4043 504 4096 quoque,
512 4037 540 4079 at
549 4027 671 4078 Romanis
710 4022 827 4073 eulosnus
849 4031 923 4066 snum
948 4014 1087 4067 satellitem
1114 4011 1140 4058 in
1162 4022 1238 4058 arens

145 4103 672 4171 lautamtemporibnnqustum·vigilias
712 4093 889 4160 cognominem
914 4088 1024 4140 mutavit
1044 4084 1134 4136 iisdem
1154 4083 1242 4146 armis,

147 4186 344 4236 constituerent.
713 4178 743 4220 nt
756 4171 787 4219 in
807 4168 892 4234 capite
910 4178 957 4229 pro
974 4163 1047 4227 galea
1058 4158 1240 4212 eristamobti-
