3034 4878
582 381 790 432 rualodum.
853 413 857 419 -

370 637 560 685 runrocnn
579 637 680 686 xxn.
704 637 891 686 cursone.
932 623 998 692 466

228 759 408 848 Squaleuter
425 761 556 825 humeris
576 757 699 824 habitus
715 762 821 848 rejecit
846 760 960 828 Ulixes.

182 879 216 944 2.
238 880 358 945 Ulixes
373 881 449 945 loco
464 880 617 945 ulteriore
636 889 739 965 capto
762 883 903 947 intendit
918 903 1040 961 areum,
1063 885 1232 952 omuibus·

139 1002 203 1067 que
218 982 347 1046 foribus
371 982 525 1059 occlusis,
549 1001 590 1044 ue
616 1001 683 1064 qua
708 993 839 1069 pateret
869 985 1036 1067 effugium,
1058 987 1232 1070 plerosque

138 1085 217 1150 vino
232 1085 379 1162 saucios,
402 1083 624 1149 authoritate
639 1084 688 1147 rei
702 1086 866 1170 stupidoa
889 1093 948 1152 eut
962 1086 1123 1170 quidlibet
1138 1087 1232 1152 aliud

138 1186 337 1251 meditantes
365 1184 515 1250 conficit.
573 1183 660 1248 Cum
686 1187 828 1269 primum
857 1188 1003 1253 omnium
1036 1188 1233 1254 confixisset

137 1285 331 1364 Antinoum,
352 1286 409 1369 qui
424 1285 569 1350 audacio
582 1291 615 1378 et
637 1288 821 1369 petulantia
846 1297 978 1354 ceteros
1001 1296 1232 1372 superaveram

138 1387 311 1467 Eumaeure,
325 1394 357 1452 et
370 1379 602 1466 Telemachus,
618 1396 654 1452 et
678 1388 871 1470 Philoetius,
895 1390 1014 1456 sumtis
1037 1398 1069 1456 et
1091 1390 1160 1474 ipsi
1180 1410 1233 1455 ar·

138 1492 214 1568 mie,
234 1491 366 1573 egregia
379 1490 415 1553 in
430 1495 660 1554 consternatos
676 1490 768 1556 caede
784 1501 990 1573 grassantur.
1033 1493 1065 1556 3.
1087 1493 1233 1576 Jamque

138 1592 291 1657 omnibus
305 1591 499 1667 interemtie‚
515 1583 646 1654 duobus
662 1593 889 1657 tantummodo
901 1595 1065 1678 parcitur:
1090 1594 1231 1660 Phemio
1300 1642 1305 1650 -

138 1693 333 1770 citharoedo,
356 1693 416 1778 qui
438 1692 613 1757 ministerii
627 1711 731 1758 cauea
746 1693 926 1773 adhibitum,
947 1695 1029 1759 nihil
1046 1697 1181 1760 omniuo
1196 1697 1232 1762 in

107 1839 112 1846 -
138 1793 255 1859 Ulixis
270 1794 393 1872 domo,¹
410 1795 499 1879 quod
514 1795 789 1862 contumeliosum
805 1802 904 1874 esset,
919 1797 1086 1878 ediderat;
1108 1805 1142 1862 et
1157 1796 1234 1860 Me-

138 1896 233 1962 donti
252 1897 428 1980 praeconi‚²
451 1897 546 1980 cujus
569 1895 744 1960 modestiae
762 1896 865 1961 etiem
878 1896 1100 1962 Telemachus
1114 1897 1232 1962 suffra·

136 2000 286 2082 gebatur.
328 1998 430 2062 lut
454 1999 613 2080 quicum
641 1997 844 2063 Telemacho
869 2004 985 2076 erant,⁸
1012 1998 1231 2064 Melambium

135 2099 334 2166 famulorum
349 2099 463 2163 Ulixis
477 2096 600 2177 unum,b
615 2101 673 2182 qui
687 2119 859 2182 procorum
881 2100 1078 2182 proterviam
1101 2120 1233 2185 semper

136 2206 331 2277 armaverat,
342 2200 568 2264 cruciabiliter
581 2198 749 2264 occidunt.
794 2199 931 2263 Puellas
943 2201 1023 2264 inde
1038 2201 1230 2283 duodecim,

137 2321 215 2386 quae
240 2321 321 2366 cum
344 2301 455 2385 procis
479 2301 648 2382 flagitiose
674 2306 929 2378 consueverant,
952 2302 1132 2385 suspendio
1157 2325 1231 2388 per-

171 2501 255 2552 Uliaes
263 2500 369 2565 deposuit
380 2515 410 2550 ex
421 2500 523 2550 humeris
530 2501 579 2550 saie
589 2500 689 2551 amiclas
696 2501 811 2552 sordidos.

171 2565 255 2615 urea
265 2571 373 2628 occupato
383 2567 431 2613 loco
442 2566 565 2615 remotiore
574 2566 652 2614 tendit
668 2580 758 2628 arcem,
776 2571 799 2614 et
810 2566 895 2614 clausio
906 2567 996 2616 cunetis
1005 2566 1094 2630 januis,
1108 2583 1137 2615 ne
1152 2566 1232 2616 esitus

135 2636 232 2690 apertus
242 2634 300 2679 esset
311 2629 391 2692 oliam
398 2636 478 2692 porte,
488 2629 602 2692 interficit
610 2629 723 2692 plurimos
731 2631 921 2692 renumeraret
932 2633 1044 2679 attonitos
1054 2631 1177 2679 insolentia
1187 2631 1233 2689 rei,

135 2695 172 2744 ael
179 2695 310 2756 cogitantes
317 2695 408 2756 quiduis
416 2694 489 2742 aliud.
525 2697 586 2742 Cum
593 2693 731 2756 persedisset
739 2690 840 2754 primum
851 2694 955 2742 omniun
971 2694 1110 2755 Antinoum,
1120 2697 1160 2756 qui
1171 2708 1233 2753 pree·

136 2760 268 2819 imgressus
278 2763 330 2807 erat
341 2758 442 2819 reliquos
452 2758 591 2818 amantia
608 2761 630 2804 et
646 2756 767 2818 protervia
777 2772 787 2815 ς
805 2757 924 2812 Emmaus,
935 2761 958 2804 et
971 2757 1126 2815 Telemoohus‚
1137 2763 1161 2805 et
1175 2757 1233 2804 Phi·

135 2823 223 2882 emim,
232 2821 310 2884 raptio
321 2835 407 2885 quoque
417 2821 501 2882 armis,
511 2821 596 2868 miram
606 2825 711 2881 stragem
720 2821 792 2868 edunt
798 2833 921 2882 procorum
935 2821 1094 2882 perculsorum
1102 2827 1175 2868 meta.
1198 2822 1234 2868 Et

128 2886 182 2946 jort
195 2885 328 2945 interjectis
338 2885 444 2934 ommibus
460 2883 590 2946 &noscitur
607 2885 725 2933 duntaxat
737 2883 834 2944 duobus,
855 2884 943 2933 scilicet
961 2883 1058 2931 Phemio
1069 2883 1176 2948 fidium,
1193 2885 1233 2945 qai

135 2952 249 2998 &metas
266 2951 297 2998 ad
308 2950 459 3010 fungendum
473 2954 525 2997 arte
537 2963 590 3004 suo.
601 2948 663 2996 nihil
672 2945 868 3009 prorsusfecerot
879 2947 905 2995 in
915 2945 1004 2994 adibus
1015 2947 1096 2995 Ultro
1105 2950 1164 3010 quod
1173 2952 1232 2996 esset

134 3014 274 3076 injuriosum
288 3016 327 3062 ei:
343 3019 367 3064 et
385 3013 493 3062 Medonti
502 3012 615 3075 praeoni,
627 3011 693 3071 euius
708 3012 888 3060 moderationem
899 3011 1046 3060 Telemachus
1056 3026 1143 3075 quoque
1153 3012 1233 3060 lauda·

136 3078 186 3127 tae.
232 3078 281 3143 Qui
298 3092 351 3126 aero
371 3081 440 3126 mont
457 3091 508 3125 mm
532 3075 668 3124 Telemacho
687 3073 834 3138 interficiunt
857 3071 917 3123 diris
936 3074 1056 3137 suppliciis
1075 3074 1234 3124 Melanthione

134 3156 207 3190 enum
224 3155 237 3190 e
256 3141 330 3192 aereis
360 3141 448 3201 Ulixis,
467 3139 508 3203 qui
527 3153 618 3202 suuper
644 3143 777 3188 arctaverat
804 3139 951 3187 insolentiam
974 3152 1107 3200 procorum.
1141 3139 1235 3187 Deinde

136 3205 281 3272 interficient
297 3207 421 3270 suspendio
435 3205 557 3254 duodecim
575 3202 683 3266 areidae,
699 3217 751 3266 ouo
762 3203 865 3266 turpiter
881 3217 931 3252 rem
949 3202 1066 3253 habebant
1081 3218 1133 3254 mm
1146 3201 1234 3266 procis.

596 3357 776 3379 nummu

168 3473 183 3517 l
209 3467 369 3519 Nihilominus
398 3469 424 3518 ia
449 3469 480 3518 U.
500 3469 571 3531 vulg.
602 3468 725 3530 ‘Dialia
752 3467 912 3531 nihilomiuus,
938 3467 1101 3522 intellectum
1128 3465 1235 3530 frangit.

135 3531 333 3583 Eruendaudum
353 3533 432 3597 igitur
450 3531 562 3583 fortasse
581 3531 670 3596 fuerit,
686 3532 755 3592 nihil,
768 3539 821 3595 erut,
832 3533 893 3583 nihil
904 3534 1005 3594 omnim,
1021 3540 1066 3582 aut
1077 3533 1164 3591 etiam,
1175 3531 1235 3580 nilril

134 3596 213 3646 minue
222 3597 250 3647 irs
264 3599 296 3647 U.
305 3600 381 3656 domo,
392 3613 462 3662 quom
472 3601 533 3660 quod
544 3614 566 3646 c.
576 3612 596 3646 e.
608 3598 722 3646 ediderat.
746 3597 798 3646 Sed
810 3605 861 3648 tam
873 3599 931 3657 hoc,
942 3613 1016 3661 qrranr
1029 3597 1097 3660 qrrod
1107 3595 1234 3660 sequitur,

135 3661 219 3711 multo
232 3662 312 3726 magis
321 3662 348 3711 in
357 3662 441 3712 medio
452 3660 634 3726 relinquimus.’
650 3661 837 3713 Aesernina-2
854 3663 963 3712 Medonti
974 3662 1016 3710 uui
1026 3662 1094 3724 vulg.

633 3805 739 3857 North

170 3913 182 3940 ¹
197 3905 232 3953 Et
243 3904 283 3968 qui
293 3917 345 3954 eum
359 3903 492 3953 Telemacho
503 3903 582 3966 eram]
599 3901 664 3952 Hae
705 3917 765 3952 cum
781 3901 932 3952 Telemacho
950 3906 1034 3962 erant,
1047 3899 1122 3964 jussu
1133 3898 1234 3963 Ulyssis

134 3978 374 4042 nonsuperioribus
388 3979 530 4042 jungendo,
547 3977 664 4025 sedeon-
706 3979 877 4027 Melambium
905 3978 931 4025 in
958 3977 1115 4026 cruciatibus
1137 3973 1234 4024 intorti·

135 4054 332 4104 nectendaesse
341 4068 399 4102 cum
408 4052 664 4117 sequentibus,recte
706 4053 778 4104 ciunt
789 4051 859 4116 opud
872 4051 1024 4102 Homerum.

136 4129 270 4180 admonuit
281 4130 412 4192 Meriang.
424 4125 573 4178 Aecursius.
597 4129 665 4179 Nam
739 4126 1057 4188 bMelaethiamfamulorum
1064 4125 1236 4192 illicitarum]

136 4219 229 4256 revera
251 4203 373 4256 Eomaeus
396 4211 424 4254 et
448 4204 597 4268 Phlloetlus,
621 4203 666 4268 qui
708 4203 866 4268 Caprariam.

201 4283 289 4349 Delph.
300 4290 323 4335 et
338 4285 395 4337 Vur.
409 4286 476 4335 Clas.
637 4284 726 4336 nouo.
1111 4286 1125 4330 3
1145 4279 1171 4330 Η
