3016 4894
289 327 355 392 ωδ
757 335 913 387 ausonii

289 479 529 564 huticipusque
541 485 602 543 tuo
618 477 723 542 samii
738 477 942 542 Lucumonis
956 493 1115 540 acumen:
1328 473 1374 538 ⁷0

458 581 528 645 Aut
539 579 630 644 adsit
643 579 804 659 interpres
818 582 906 655 tuus,

458 682 680 763 AEnigmutum
694 679 753 763 qui
768 679 919 760 cognitor

458 781 536 845 Fuit
549 800 715 846 meorum:
737 799 812 844 oum
827 779 890 844 tibi

458 878 574 945 Cadmi
588 880 727 962 nigellas
742 879 840 959 filius,

286 1041 365 1090 Sunii
380 1040 533 1090 Lucumonis:
557 1041 594 1089 nel
607 1039 723 1103 interpres
738 1043 792 1088 iuss
806 1038 852 1088 lili
873 1043 959 1102 premo
983 1037 1025 1098 sil,
1046 1037 1086 1102 qui
1101 1039 1208 1099 cognonit
1230 1051 1281 1086 meu
1296 1034 1372 1095 usig-

287 1109 360 1168 sus,
375 1107 466 1168 qnando
480 1104 572 1168 apersit
587 1103 633 1153 tihi
656 1104 714 1166 quid
729 1108 806 1154 esseni
827 1105 904 1166 nigra
925 1106 989 1151 sulae
1006 1102 1098 1166 Cadmi,
1122 1103 1223 1152 medidus
1237 1105 1293 1151 solo
1309 1098 1374 1156 Nili,

739 1245 919 1267 nanneno

287 1342 374 1394 Cadmi
386 1343 476 1404 'sinus
488 1341 567 1407 filies,
585 1342 687 1392 Melonis
705 1340 782 1390 ullum
800 1341 920 1403 paginam.
954 1341 1039 1391 Alium
1050 1339 1278 1406 Jllissslegendum
1295 1343 1373 1402 putat

775 1479 881 1531 NO'l'AE

286 1573 353 1624 uerti
381 1575 494 1624 suetonis
517 1574 550 1626 ‹le
571 1584 662 1642 psrstu
684 1576 809 1639 facilibus,
848 1591 894 1638 que
903 1577 975 1638 mins,
986 1577 1054 1641 quod
1071 1576 1160 1627 multe
1170 1572 1299 1624 editiones
1312 1568 1373 1619 reti·

286 1647 354 1712 quud
386 1656 458 1698 extat
488 1651 557 1702 inter
583 1651 678 1702 Galuni
701 1651 809 1715 ruripts,
847 1661 967 1702 nuerunr.
1003 1701 1006 1708 ,

284 1723 362 1774 fuisse
372 1724 545 1788 Pythagoram
556 1727 682 1790 quondam
695 1725 808 1776 Seminm
879 1731 909 1776 71
921 1728 972 1777 Asi
980 1727 1043 1776 sosii
1051 1721 1239 1788 interpraetatur]
1252 1720 1373 1771 Clemen-

283 1799 374 1864 (quem
403 1802 548 1864 suspicetur
571 1802 698 1852 medicum
737 1802 807 1852 illum
847 1799 970 1850 tinnsills
984 1799 1304 1862 fortusse,(lequosrrpra.

283 1873 373 1932 fnium,
383 1877 456 1940 euius
467 1876 583 1926 meminit
594 1877 712 1927 hairtins
728 1879 754 1926 ln
764 1891 807 1926 ex·
877 1873 893 1902 ⁹
905 1878 938 1922 ⁷2
954 1874 1117 1935 AEsigmutsm
1128 1871 1167 1934 psi
1180 1868 1298 1931 conitor]
1310 1867 1372 1917 cle·

285 1955 368 2000 trema
391 1951 443 1999 rita
470 1951 626 2015 Pythagorae
648 1951 807 2012 Philosophi,
845 1949 937 1998 sichus
955 1949 1068 1998 Solensis
1091 1944 1281 2010 Peripateticus
1298 1941 1370 2004 apud

282 2024 361 2074 slium
377 2039 394 2074 s
410 2024 568 2089 Philosopho
595 2024 652 2089 illo)
671 2026 715 2090 qui
740 2026 806 2075 sueti
845 2025 997 2076 Athenoeom
1022 2027 1068 2075 lih.
1090 2037 1118 2074 x.
1144 2021 1254 2085 oenigma
1269 2018 1373 2081 definit,

281 2100 397 2149 sulllitloi
416 2114 463 2148 usu
487 2100 565 2150 vitam
589 2102 730 2149 uueuuum
751 2103 806 2150 117.
843 2099 969 2164 ’πρόβλημα
997 2098 1166 2160 ἐπιτακτικὸν,
1188 2092 1371 2159 προστακτικὸν,

282 2173 443 2236 produxerit.
476 2173 591 2222 Adhuuc
604 2173 804 2237 respexisseAu·
844 2172 888 2225 τοῦ
911 2175 949 2224 διὰ
963 2174 1083 2237 ζητήσεως
1107 2173 1181 2235 εὑρεῖν
1197 2172 1230 2235 τῇ
1245 2168 1371 2232 involuro

281 2247 382 2297 sunium
397 2245 473 2297 facile
483 2247 591 2297 inducor
608 2256 637 2297 ut
649 2248 761 2308 crudum,
776 2254 804 2298 et
843 2248 1083 2314 spoflantlr,rmish
1094 2245 1215 2310 ἐπιζημίου
1228 2243 1298 2308 χάριν
1308 2242 1369 2307 sipu-

280 2323 419 2388 legendum
429 2324 654 2389 Astiuipsrqsutuo,
669 2330 803 2382 nouimus,
842 2325 919 2383 μένον.
951 2325 1144 2377 ‘Quaertlunem
1171 2321 1306 2382 ludicram,
1325 2321 1370 2382 ju·

281 2405 312 2447 et
341 2413 389 2462 per
418 2400 590 2448 Lucumonem
609 2399 803 2461 intelligendum
843 2400 956 2462 beritum,
975 2403 1005 2448 ut
1024 2413 1070 2462 per
1095 2396 1286 2461 inquisitionem
1312 2393 1368 2443 suis

281 2485 402 2533 maguum
429 2473 539 2535 aliquem
568 2474 592 2520 iu
620 2472 802 2523 secretioribus
842 2475 936 2523 mentis
954 2473 1102 2523 invenietur
1112 2471 1180 2536 quod
1198 2469 1368 2533 propositum,

281 2544 425 2608 disciplinis
443 2546 534 2609 sirum,
562 2547 650 2610 quales
680 2546 802 2595 Hetrusci
841 2562 871 2597 su
893 2548 1020 2597 honorsrii
1042 2554 1087 2596 sut
1102 2547 1205 2595 mulutae
1222 2544 1306 2609 gustis
1321 2543 1368 2592 ad·

283 2619 496 2677 hurumuues,ob
515 2621 682 2670 divinationis
700 2622 802 2671 seienti-
841 2621 945 2670 ductum
973 2621 1030 2671 est!
1062 2621 1169 2671 Vossius
1188 2619 1271 2668 instit.
1289 2617 1367 2668 Orsi.

283 2706 324 2742 sm
340 2706 391 2742 uon
407 2695 489 2742 minus
501 2709 576 2758 quum
595 2695 628 2745 ob
647 2697 742 2758 regiam
757 2711 801 2760 pu·
840 2696 930 2746 lihrv.
942 2703 1015 2746 reete
1026 2695 1126 2757 definit,
1137 2693 1367 2758 AEnigmumrstio

282 2771 460 2831 testatem,siu
473 2769 566 2820 dictos.
598 2773 645 2820 Est
657 2786 733 2835 porro
745 2787 802 2822 sue·
841 2787 898 2821 nem
916 2771 1074 2822 ubscuritate
1094 2770 1224 2834 allegorias
1246 2783 1300 2818 rens
1322 2783 1367 2818 no·

279 2845 462 2907 tumsuillites,
478 2859 523 2893 seu
546 2845 663 2910 suillium,
680 2850 801 2910 (utroque
841 2845 1102 2910 tamsiguificantenr.
1134 2847 1181 2894 Est
1201 2844 1269 2894 euim
1287 2842 1366 2905 muig-

279 2920 803 2986 euimmodoapudPliniumlegitur,)aue·
841 2922 926 2970 mash
944 2918 1098 2982 αἰνίσσεσθαι,
1110 2934 1162 2970 rem
1179 2919 1317 2969 involucris
1328 2924 1366 2967 ts·

279 2996 802 3062 tunscilla,herbaquadsmqussicaeps
841 3010 910 3060 gere.
942 2995 974 3044 In
993 2996 1193 3058 exemplumque
1218 2990 1295 3042 affert
1316 2993 1366 3043 hue

278 3071 383 3132 sgresti,
400 3071 557 3118 medicatum
585 3071 729 3121 σκιλλιτικδν
752 3073 803 3134 ὄξος
840 3070 947 3122 Ausonii
959 3070 992 3120 ad
1010 3071 1139 3118 Thoonem
1162 3068 1279 3130 uulgus,
1296 3069 1365 3132 quod

278 3144 435 3194 Dioscoridi.
462 3145 503 3192 Ex
520 3144 609 3193 eedem
621 3141 700 3194 herbs
715 3148 800 3196 vinum
839 3158 965 3194 amoeunm
983 3145 1063 3207 iuxta
1086 3157 1116 3193 su
1133 3141 1261 3192 eruditum
1281 3148 1365 3192 voest.

278 3219 417 3283 potabatur
440 3217 583 3268 σκιλλιτυιδς
604 3217 665 3270 olum
690 3220 799 3270 dictum.
840 3219 1044 3271 Neuimmerito.

277 3292 347 3342 Pllu.
364 3293 503 3344 lim-xxiv.
525 3294 632 3358 loquens
650 3295 682 3344 de
693 3296 797 3346 Plstsni
868 3299 900 3344 lu
914 3297 973 3343 Cum
982 3287 1027 3342 libi
1036 3293 1120 3342 Cadmi
1127 3292 1226 3354 nigellus
1227 3291 1365 3356 silianum]

277 3367 375 3431 pilulis:
391 3368 478 3416 ‘Tosne
486 3375 572 3417 autem
583 3383 640 3418 curn
653 3372 797 3431 acetosum,
837 3371 983 3435 Scripserat
1002 3370 1104 3419 scilicet
1122 3370 1154 3418 etl
1169 3371 1298 3420 'l'heonem
1311 3369 1363 3420 Au·

274 3441 407 3504 magisque
418 3441 528 3490 scillite!
550 3442 608 3492 Lib.
620 3456 712 3493 xxxrr.
729 3446 797 3494 ‘Ur-
837 3447 923 3496 eonius
942 3445 1084 3509 Epistulam
1102 3445 1128 3493 in
1140 3445 1296 3508 quellterss,
1317 3458 1363 3507 ps·

273 3515 329 3565 tius
349 3515 450 3564 Marius
469 3515 530 3565 trita
548 3530 581 3564 ex
600 3524 676 3566 eruto
687 3519 797 3570 scillite·
838 3521 1363 3586 pyrum,strameutuur,etcelsusosaenig-

275 3588 334 3638 Lib.
351 3601 434 3638 xxrrs.
465 3587 596 3639 ‘Auetnm
612 3592 739 3642 scillinum
761 3594 797 3642 in·
836 3597 929 3645 mariue
938 3594 1203 3659 descripseratrerbis
1211 3594 1272 3643 illis:
1283 3594 1364 3644 ‘esu

275 3672 419 3713 veteretum
431 3665 510 3728 magis
522 3665 662 3728 probetur!
835 3671 871 3720 mi
883 3671 988 3732 nigellus
1005 3667 1090 3732 filias,'
1109 3673 1157 3719 &m
1190 3669 1280 3732 Atque
1295 3670 1362 3733 hue,

306 3741 568 3805 lohuliuiperpeeluo]
580 3742 645 3792 Erat
656 3743 681 3791 iu
692 3743 795 3807 Lugdu·
835 3754 865 3796 ut
881 3752 954 3809 puto,
970 3745 1089 3808 Epistola
1108 3751 1164 3794 ersi
1181 3759 1239 3808 quae
1251 3758 1310 3793 mox
1320 3759 1362 3794 ss·

273 3814 347 3863 nessi
364 3815 416 3863 Me.
435 3815 601 3879 Antiuipesqss
618 3817 704 3879 mmm,
715 3833 795 3882 prope
836 3829 929 3886 quernr
948 3820 1057 3884 septima
1077 3833 1191 3878 numero,
1207 3827 1268 3883 post
1283 3834 1360 3884 qusm

273 3889 343 3952 qnod
376 3890 522 3939 acutissimo
541 3891 644 3941 *calamo
671 3893 796 3956 scriptum
834 3897 909 3958 huuc,
924 3902 1024 3944 mutulo
1043 3895 1108 3955 loeo,
1132 3894 1273 3957 ponendam
1292 3897 1360 3944 exis·

271 3970 339 4015 tuum
360 3981 405 4029 pro
433 3966 519 4027 uiuum,
550 3968 617 4016 uude
644 3968 740 4030 Dones,
767 3975 796 4019 et
834 3970 907 4019 timo.
939 3968 1360 4034 Ratio-patebitexprusssqus

259 4039 418 4094 ,Gronovius
434 4046 482 4090 isso.
512 4042 581 4092 Luco
603 4048 689 4092 sutem
704 4044 794 4102 horum
833 4041 877 4093 ills
887 4043 1003 4107 Epistola
1015 4044 1119 4106 iuuipit.

271 4113 299 4162 lu
316 4111 562 4182 pspyrsceooodies
578 4115 795 4185 ersthuliopmss·
865 4119 897 4172 il
915 4117 999 4169 Cauni
1015 4117 1114 4180 sigula
1123 4118 1204 4184 filius]
1227 4119 1327 4170 litem
1343 4135 1360 4170 s
