3016 4894
560 343 819 395 uouooaaruu.
1170 335 1236 400 645

141 482 186 547 Et
202 482 425 568 Dionysiacos
440 482 537 548 Latio
552 487 750 567 cognomine
763 487 863 552 ludos
1237 568 1240 576 k

119 629 124 640 .
167 585 297 661 ¹Roma
310 584 403 663 colit,
419 584 518 650 Liber
532 605 609 668 quaa
624 587 689 652 sibi
704 593 786 654 vota
800 589 903 654 dicat.
1192 593 1236 656 30

141 685 273 775 AEdiles
286 686 411 770 plebeii
424 687 536 764 etiam,
553 688 735 773 aedilesque
751 691 880 752 curules

185 786 301 864 Sacra,
317 786 507 872 Sigillorum
520 789 653 852 nomine
667 789 768 868 dicta,
784 790 911 854 colunt.

141 886 189 950 Et
201 887 404 969 gladiatores
417 889 565 954 funebria
580 890 699 972 praelia
713 898 830 955 uotum

184 988 387 1053 Decertasse
402 989 495 1054 soro:
516 1009 602 1054 nuno
618 990 684 1055 sibi
700 1009 806 1054 arena,
814 1009 895 1054 suos

139 1087 320 1154 Vindicat:
341 1093 486 1154 extremo
497 1090 638 1174 quijam
652 1092 715 1154 sub
729 1069 795 1154 fine
812 1091 1008 1156 Decembris
1194 1095 1238 1158 35

185 1190 398 1274 Falcigerum
413 1191 549 1274 placant
563 1192 721 1276 sanguiue
735 1192 959 1276 Goeligenam.

137 1385 232 1436 nomiae
242 1383 330 1436 tarro
340 1385 487 1438 Liberaliora
502 1390 568 1438 ludos
579 1389 743 1453 Dionysiacos,
753 1403 811 1452 quos
830 1389 939 1440 Baerhrrr
960 1389 1007 1439 ribi
1024 1393 1089 1438 notos
1105 1391 1233 1436 amend.

137 1451 231 1500 AEdiles
245 1465 332 1514 quoque
340 1451 434 1514 plebeii,
445 1457 469 1502 et
480 1453 572 1502 AEdiles
583 1456 682 1504 Carales
692 1454 809 1503 celebruni
824 1468 892 1503 suero
902 1453 1019 1518 oppehm
1030 1453 1123 1502 nomine
1135 1451 1235 1512 Sigillo-

138 1529 202 1564 rum.
235 1515 326 1563 Noiom
336 1530 423 1578 quoque
432 1522 467 1565 esi
477 1517 583 1566 omuibus
589 1518 736 1580 gladiatores
751 1518 851 1567 edidisse
860 1517 948 1578 infore
959 1518 1088 1566 certamino
1104 1515 1231 1574 insunerr'·

140 1577 183 1626 ius
192 1594 202 1636 ,·
212 1577 266 1640 jum
276 1593 329 1626 uero
340 1580 467 1642 mancipati
487 1587 543 1630 surii
553 1596 632 1630 urenoe
641 1581 836 1644 Amphitheatri:
852 1587 921 1644 alque
929 1579 950 1629 ii
956 1581 1098 1646 eireaflrrem
1105 1584 1236 1628 extremum

140 1643 229 1691 messis
239 1643 376 1692 Decembris
385 1658 466 1694 eruore
474 1659 515 1694 suo
526 1646 657 1710 liioslfilio
670 1645 801 1705 crelisolee
810 1652 911 1695 ormuo.

636 1806 742 1857 NOTAE

173 1938 206 1982 20
222 1932 386 1997 Dionysiacos,
409 1933 463 1997 isa]
487 1933 617 1984 liberalia
642 1935 669 1983 iu
710 1949 788 1998 supra
798 1934 903 1997 egimus.
1192 1983 1195 1991 ,

142 2011 228 2060 Liberi
241 2011 322 2074 patris
332 2011 464 2068 honorem,
474 2011 517 2061 die
527 2012 618 2061 Martii
630 2017 669 2062 1⁷.
741 2013 774 2058 36
789 2008 943 2070 Foleigerunr
954 2010 1058 2072 pluant,
1075 2008 1129 2071 ira]
1146 2010 1237 2071 Respi-

142 2088 383 2152 quiestxr¹1.Kal.
396 2086 483 2150 April.
516 2087 617 2137 Horum
636 2089 669 2136 ri·
710 2085 1074 2149 cererideturadautiquum
1086 2088 1238 2136 nrorernSa-

141 2168 185 2210 tus
206 2169 234 2210 et
252 2176 342 2212 causas
360 2160 420 2210 vide
438 2161 508 2224 apud
525 2161 604 2212 Orio.
626 2162 671 2214 lib.
711 2167 788 2210 turno
814 2162 938 2210 humanas
966 2161 1062 2210 hostias
1096 2161 1237 2211 mactandi.
1306 2199 1309 2206 .

140 2239 212 2288 Fast.
221 2252 266 2286 ιιι.
288 2237 341 2287 Sed
353 2251 416 2287 cave
427 2251 459 2285 ue
471 2236 601 2287 Liberalia
612 2252 671 2287 eum
711 2238 764 2288 Pro
775 2251 826 2302 quo
838 2249 927 2286 aereos
938 2251 1062 2287 aoeeusos
1073 2244 1164 2302 postea
1177 2237 1237 2288 sub·

141 2313 347 2362 Bacchanalibus
362 2307 511 2362 confundas.
711 2314 862 2375 stituerunt,
877 2320 907 2363 ut
918 2314 1004 2362 monui
1015 2328 1074 2363 cnm
1094 2313 1126 2362 de
1138 2313 1238 2374 Sigilla-

175 2393 206 2437 32
224 2388 306 2452 Suos,
316 2389 458 2450 Sigillorum
476 2388 581 2451 anniae]
596 2388 672 2452 sigil-
711 2388 806 2437 riorum
821 2387 888 2438 festo
907 2401 1019 2452 agerem.
1054 2389 1121 2438 Num
1139 2389 1240 2438 exhibi-

141 2465 208 2513 laria
221 2479 277 2529 quae
289 2464 417 2528 postridie
425 2463 549 2527 Opilium
559 2465 672 2514 celebra·
712 2470 753 2514 tos
775 2464 953 2514 Saturnalibus
975 2465 1143 2528 gladiatorios
1165 2467 1239 2516 ludos

141 2541 236 2591 bantur
246 2553 334 2590 mense
342 2539 492 2590 Decembri.
517 2541 561 2590 De
572 2540 610 2590 his
616 2541 672 2605 jam
713 2555 765 2590 non
775 2542 878 2590 memini
889 2556 930 2590 me
938 2542 1035 2604 legero.

312 2825 319 2828 .
357 2789 406 2835 nn
431 2787 697 2838 uusunaunrus
721 2787 923 2836 noorarnus.
965 2771 1032 2836 386

143 2924 338 3003 Quaruon
354 2923 513 3004 antiquos
527 2921 711 2986 celebravit
724 2920 855 2985 Achaia
869 2919 979 2983 ludos.

187 3023 390 3088 Coelicolum
406 3025 472 3090 duo
488 3028 577 3103 sunt,
588 3031 621 3088 et
636 3025 703 3090 duo
715 3023 801 3088 festa
814 3021 995 3087 hominum.

179 3232 289 3286 Quoiuor
301 3231 353 3281 ludi
366 3231 542 3282 celebrabuntur
552 3230 609 3280 olim
619 3231 646 3280 in
656 3230 758 3280 Achaia.
777 3230 928 3296 Duofirburrt
938 3229 964 3278 irs
975 3229 1083 3278 honorem
1094 3227 1208 3288 Deorum,
1219 3229 1243 3273 ei

602 3389 781 3413 OHOWOOOO

176 3513 193 3556 2
211 3506 362 3569 Elegantius
373 3506 487 3569 videtur,
498 3506 590 3570 judiee
600 3495 695 3570 Tollio,
711 3511 766 3556 sunt
776 3507 821 3554 cluo
827 3505 852 3564 s.
870 3505 895 3554 h.
912 3503 955 3569 qni
967 3500 1070 3554 dicitri
1079 3505 1133 3551 runt
1145 3500 1241 3564 repeti·

143 3578 209 3635 tum,
223 3572 312 3634 semel,
330 3578 359 3620 ut
374 3570 413 3635 fit,
430 3571 570 3621 alibrariia
583 3573 731 3636 neglectum
743 3569 836 3620 fuerat.
867 3615 869 3619 ,

640 3731 748 3784 NOTAE

178 3866 217 3914 De
226 3865 363 3914 luetrolihur
373 3864 498 3929 agonibus]
514 3863 573 3914 lloo
582 3869 633 3925 est,
641 3863 675 3912 de
715 3876 748 3912 ex
769 3861 885 3910 Pindaro
902 3865 930 3910 et
950 3859 1006 3922 ejus
1025 3857 1155 3910 veteribus
1174 3869 1242 3905 com·

145 3939 213 3990 ludis
240 3939 479 4004 Quinquenualibus
513 3939 557 4003 qui
586 3939 675 4003 quinto
715 3939 904 3988 mentatoribus
915 3943 1033 4001 apparet.

146 4028 248 4080 quoque
270 4029 337 4064 auno
357 4015 491 4076 redirent3
523 4021 674 4080 Πενταετηρι-
747 4019 760 4064 1
781 4014 889 4070 antuor
904 4010 1023 4074 antiquos]
1042 4011 1168 4058 Deaumia
1187 4006 1243 4054 luae

145 4093 195 4140 auis
221 4091 299 4142 dietis
326 4091 395 4153 apud
418 4089 533 4140 Graecos.
566 4090 675 4140 Isthmia
715 4107 747 4142 ex
759 4089 898 4156 Anlbolog.
909 4090 956 4140 lib.
968 4103 988 4140 r.
1006 4087 1200 4152 Epigruormate
1218 4089 1245 4142 l.

146 4173 244 4231 tumen,
264 4173 292 4218 et
314 4167 414 4217 Neruea
437 4165 574 4216 triennalis
594 4163 674 4218 fuisse
715 4167 784 4231 quod
798 4167 865 4217 uide.
