3034 4878
577 403 786 454 rrnroorrn.
1163 393 1228 461 833

179 550 213 615 2.
235 547 452 614 Telemachus
468 549 655 616 Ithacesius
676 569 833 634 proceres
849 552 939 632 cogit
954 551 997 614 ad
1013 551 1155 619 curiam:
1178 560 1227 618 at-

138 672 203 736 que
217 651 341 716 ibidem
352 650 394 714 de
410 651 608 716 contumelia
617 651 762 729 (lomus,⁸
776 658 809 718 et
819 652 982 716 bonorum
993 653 1227 736 profligatione

137 760 355 836 conquestus,
379 753 520 818 consilia
543 753 761 838 protectionis
790 753 941 836 exponit,
965 751 1112 820 Antinoo
1132 763 1229 822 resis-

137 861 245 920 tente:
267 850 326 939 qni
340 874 426 932 eum,
446 855 642 940 prinsquam
662 862 770 920 mater
791 857 943 934 nuberet,
966 857 1057 921 abiro
1076 858 1230 940 prohihe-

136 959 208 1021 bat.
245 957 326 1034 Qua
340 956 555 1020 altercatione
575 955 631 1020 diu
646 961 825 1039 protracta,
840 957 1015 1022 concilium
1030 958 1230 1038 dissolutum

137 1066 201 1123 est.
244 1059 277 1123 3.
298 1056 515 1122 Telemachus
527 1057 570 1122 ad
592 1057 684 1121 littus
708 1057 821 1140 procis
845 1057 1074 1141 ignorantibus
1103 1043 1229 1143 pergit:

138 1166 307 1225 astantem
317 1159 380 1224 sibi
391 1161 533 1226 adorans
543 1157 737 1238 Minervam,
746 1160 1000 1244 peregrinationi
1015 1161 1231 1226 accommoda

138 1267 249 1344 parat,
270 1261 421 1325 hortante
448 1258 594 1324 maxime
623 1260 715 1340 Dea;
747 1279 824 1345 quoe
852 1261 1024 1344 populum,
1054 1263 1231 1350 ipsumque

139 1360 387 1439 Telemachum,
411 1360 593 1425 Mentoris¹
619 1359 848 1425 simulatione'’
870 1361 1016 1429 fallebat.
1061 1361 1229 1430 Instructo

140 1483 219 1546 ergo
234 1462 381 1546 remigio,
401 1468 433 1527 et
448 1481 536 1526 nave
552 1460 722 1539 deducta,e
735 1461 956 1527 Telemachus
971 1471 1005 1528 et
1020 1463 1174 1530 Minerva
1188 1466 1230 1529 de

139 1572 236 1652 portu
251 1583 387 1647 vespere
401 1563 549 1628 instante
563 1565 743 1630 solverunt

176 1751 326 1800 Telmesses
335 1753 443 1799 conuscat
453 1748 480 1799 in
491 1748 606 1798 &nctus
619 1748 743 1810 optimates
758 1749 900 1812 ithacenses,
915 1753 939 1800 et
957 1750 991 1799 ihi
1007 1757 1102 1814 questro
1112 1754 1140 1801 de
1149 1752 1233 1816 prohro

140 1817 222 1864 domas
232 1830 280 1864 eac
290 1819 314 1864 et
324 1813 481 1864 emansisse
498 1828 567 1876 opum
583 1827 678 1862 summ
696 1813 800 1862 declam
819 1815 865 1863 sihi
880 1814 983 1864 ammam
999 1829 1048 1864 sese
1063 1816 1233 1880 montanesii,

94 1885 98 1898 ¹
140 1881 298 1929 intercedente
307 1879 412 1928 Antinoo
422 1889 431 1926 .·
446 1877 488 1939 qui
498 1877 590 1926 solebat
603 1881 631 1926 st
640 1877 691 1940 ipse
699 1877 886 1941 proficisceretur
892 1883 1015 1942 antequam
1023 1884 1099 1928 mater
1108 1880 1158 1939 dus
1165 1880 1233 1929 nutre-

141 1950 188 1994 ret.
221 1943 300 2006 Atque
316 1943 359 1991 hac
375 1941 522 2004 sententiose
539 1943 639 1990 rnallrtm
656 1943 975 2004 productacoetesdisceseit.
1009 1943 1157 2000 Telemachus
1172 1945 1234 1994 itad

140 2009 209 2058 littus
219 2009 278 2057 clare
285 2006 429 2056 arnatorihsu
438 2005 523 2054 metris
532 2020 597 2055 ssa:
617 2010 728 2068 precatus
739 2007 860 2056 Palladem
875 2007 921 2056 sihi
938 2008 1098 2070 adsistentem,
1115 2013 1235 2070 preparat

141 2075 343 2136 aptaadperegre
354 2072 462 2130 eundum
471 2069 589 2118 Minerua·
595 2070 713 2133 precipue
719 2071 1013 2135 hortam‚qaasuhspecie
1021 2071 1139 2121 Mentoris
1148 2073 1236 2122 latehot

140 2137 235 2200 populo,
245 2141 270 2186 et
279 2136 325 2200 ipsi
338 2134 481 2184 Telemacho.
514 2135 637 2184 Adur-nato
647 2134 725 2195 igitur
734 2134 843 2197 remigio,
853 2140 877 2185 et
885 2150 944 2186 sace
955 2139 1032 2185 tracta
1042 2136 1068 2185 in
1079 2150 1152 2201 mare,
1171 2136 1235 2186 Tele·

144 2201 239 2251 machus
246 2206 269 2249 et
280 2199 364 2250 Pallas
371 2199 494 2249 discedunt
504 2213 517 2247 e
523 2201 595 2262 parta
606 2197 742 2248 imminente
752 2213 856 2263 uespera.

601 2348 779 2372 euenum}

176 2446 190 2490 l
209 2439 299 2490 Mentis
308 2439 350 2488 hic
360 2440 430 2502 vulg.
441 2439 545 2502 legitur.

639 2559 745 2612 NOTAE

146 2684 235 2724 roseos
245 2669 342 2720 hahens
352 2667 447 2730 digitos
459 2662 576 2716 Aurora'
587 2664 673 2714 Aliter
745 2664 757 2698 ¹³
773 2664 893 2714 Mentoris
903 2663 1062 2726 simulatione]
1080 2663 1130 2713 Hic
1147 2677 1248 2732 revera,

146 2746 257 2800 eundem
267 2743 381 2796 reddidit
393 2742 519 2794 Periocha
528 2755 589 2790 ιιιι.
714 2739 843 2789 Mentoris
872 2739 1006 2802 praepositi
1027 2737 1116 2786 domus
1138 2737 1239 2786 Ulixen

179 2831 192 2858 ⁸
207 2823 246 2874 De
261 2821 399 2873 contumelia
419 2817 511 2881 domas]
527 2815 603 2868 Quod
623 2829 674 2865 ma·
715 2805 823 2880 formam
834 2814 912 2863 sumit
927 2812 995 2887 apud
1017 2811 1169 2874 Homerum,
1181 2820 1240 2860 snm

146 2909 213 2951 trem
221 2897 380 2961 Penelopen,
391 2894 580 2957 absentepatrc
588 2890 677 2953 Ulixe,
714 2891 783 2940 libro
813 2890 946 2953 superiore
977 2888 1110 2938 sumsisset
1133 2885 1242 2937 formum

147 2975 276 3026 ambirent
285 2972 375 3035 Praei,
385 2978 413 3021 et
429 2969 497 3020 hona
512 2967 594 3033 epulis
613 2981 673 3017 con·
716 2965 815 3014 Mentis
831 2964 986 3027 Taphiorurn
998 2962 1080 3012 dacis.

149 3057 289 3101 sumerent.
546 3087 550 3096 .
747 3049 758 3074 ⁰
776 3043 845 3090 Naue
863 3039 973 3102 deducta]
987 3041 1013 3088 E
1028 3039 1113 3089 navali
1124 3039 1151 3092 iu
1162 3049 1241 3092 mare.

1244 3117 1249 3154 ι

409 3246 599 3296 rnnrocnn
617 3245 672 3292 ιιι.
697 3241 886 3292 onrssnm.
920 3227 985 3290 447

238 3373 317 3442 Jam
333 3373 390 3440 sot
406 3373 528 3439 Oceano
548 3369 685 3436 radiolos
701 3379 874 3456 promserut
894 3379 987 3432 ortus.

195 3511 227 3576 2.
242 3510 461 3575 Telemachus
471 3507 650 3574 Nestorem
666 3506 707 3571 de
722 3511 816 3588 patre
829 3507 1059 3588 percontatus,
1069 3493 1153 3567 nihil
1167 3503 1247 3567 novi

148 3613 282 3696 ‘accipit
295 3612 339 3678 ah
354 3612 541 3694 ignorante:
565 3627 680 3674 uerum
694 3608 782 3673 idem
797 3624 902 3672 senex
917 3605 1069 3689 sequenti
1084 3603 1148 3681 die,
1169 3617 1246 3667 cnm

184 3790 245 3837 dam
256 3787 299 3837 Sol
310 3787 402 3838 exierat
412 3801 443 3836 esc
452 3788 514 3836 mari
524 3783 620 3835 uihrasa
628 3785 717 3835 radios.

189 3852 338 3902 Telemachus
355 3866 407 3900 caru
423 3852 591 3913 interrogasset
609 3851 734 3899 Nestorem
753 3850 782 3898 de
797 3854 866 3912 putre
883 3857 932 3908 sac,
943 3845 1003 3894 nihil
1018 3843 1088 3893 discit
1106 3842 1161 3891 naui
1172 3840 1202 3889 ah
1213 3854 1249 3900 en,

149 3917 239 3980 ‘quippe
249 3917 291 3980 pai
307 3915 367 3965 nihil
377 3915 480 3965 sciehat:
504 3916 615 3967 sedidem
628 3928 700 3963 senec
715 3917 807 3976 postero
822 3914 859 3960 die
874 3925 920 3959 cna
937 3924 990 3958 eum
1010 3909 1138 3956 Pisistrato
1141 3905 1197 3970 filio
1208 3919 1251 3952 crea

650 4062 759 4114 NOTAE

189 4171 203 4215 1
220 4167 278 4214 Jam
294 4165 335 4214 Sol
355 4163 459 4226 Oceano]
475 4163 519 4211 Sic
537 4159 624 4210 reddit
635 4157 687 4222 pri·
727 4158 795 4208 tibus
806 4153 1017 4210 Perioehislscit.

158 4259 226 4295 nrum
235 4245 291 4293 libri
303 4257 413 4305 versum,
423 4241 492 4305 quod
505 4247 531 4290 et
542 4241 567 4289 in
579 4252 685 4302 sequen·

224 4326 309 4390 Delph.
321 4329 346 4375 et
358 4323 415 4373 Vae.
425 4323 490 4372 Clas.
670 4319 761 4368 damu.
