3034 4878
256 329 321 396 820
723 338 878 390 nusourr

300 493 333 556 2.
355 488 445 554 Aeto
460 489 607 553 Deorum
623 481 778 559 concilio,
791 481 926 564 Jupiter
939 497 1000 565 pro
1014 481 1129 561 partea
1150 477 1356 561 pronuntiat,

260 613 321 658 sua
337 592 482 676 quisque
498 587 666 652 exercitus
682 589 770 648 sorte
786 582 951 648 decernat
981 578 1105 644 Nullus
1116 579 1262 642 Deorum
1279 577 1359 642 odio

258 696 293 758 in
309 695 431 757 citeros
445 689 502 754 vel
516 689 633 752 favore
647 683 815 769 procedat.
859 682 898 748 ln
920 681 1015 746 Idam
1038 687 1184 744 montem
1204 679 1281 762 ipse
1308 678 1360 743 di-

259 812 408 877 gressus,
452 789 552 854 Unde
567 788 681 854 Graeci
696 786 847 851 immisso
862 792 984 849 terrore
1000 781 1178 858 conterriti,
1201 780 1293 863 turpi
1306 781 1359 844 sn·
1390 845 1391 848 ,

259 914 302 977 ga
316 893 360 960 ad
374 891 578 956 munimenta
589 886 766 970 compulsi,
776 885 871 948 fossa
885 891 918 949 et
932 883 1110 965 aggeribus
1125 901 1200 946 sese
1215 889 1359 948 tuentur.

260 997 292 1062 3.
314 996 480 1061 Junonem
496 1011 536 1056 ao
552 989 752 1064 Minervam,
769 987 899 1052 Graecis
921 984 1076 1050 auxiliari
1094 985 1261 1061 volentes,
1287 1003 1360 1047 rno-

262 1099 343 1166 nitis
364 1094 463 1161 Jovis
479 1092 544 1158 Iris
559 1096 722 1156 exterret:
739 1089 948 1171 diremtoque
963 1089 1006 1152 ob
1020 1091 1156 1150 noctem
1168 1086 1360 1163 certamine,

260 1199 406 1264 victores
428 1193 563 1277 Trojani
578 1193 612 1256 in
626 1195 701 1276 ipso
714 1191 824 1275 praelii
837 1191 914 1254 loco
929 1188 1092 1253 excubias
1108 1187 1292 1254 obsidionis
1307 1187 1359 1250 in-

261 1301 420 1366 stituunt:
435 1295 613 1376 multisque
622 1293 756 1375 ignibus
769 1292 869 1355 iactis
884 1309 943 1373 per
958 1296 1063 1354 totam
1074 1294 1210 1354 noctem
1224 1287 1266 1352 de
1281 1288 1361 1352 belli

260 1401 392 1465 ratione
409 1397 610 1461 consultant.

294 1598 391 1660 Jupiter
403 1595 483 1646 habito
494 1597 591 1644 conubio
603 1595 707 1644 Deorum
715 1609 758 1657 pro
769 1594 868 1656 imperio
879 1596 1019 1645 sententium
1030 1595 1089 1644 buno
1094 1593 1158 1658 fert,
1169 1598 1196 1642 ut
1207 1592 1362 1664 unuquisque

262 1661 380 1712 exuritur
395 1666 484 1724 pugnet
499 1675 543 1708 suu
554 1659 759 1735 sprtunptvneque
778 1661 839 1707 ultus
851 1661 955 1708 Deorum
970 1660 1139 1722 progredietur
1155 1659 1267 1736 odio-out
1283 1657 1363 1732 studio
1393 1677 1395 1680 ·

262 1721 1364 1852 mittundum?,ut‘tt,ttttntttttuuttt>mittut

264 1853 396 1918 Iris„iussu
406 1854 482 1914 bouis,
502 1857 565 1900 metu
574 1851 682 1914 probibet
696 1852 813 1924 bunonem
826 1856 849 1900 rt
861 1853 985 1902 Palladem
1000 1853 1119 1915 cupienter
1129 1851 1240 1914 opitulari
1255 1849 1363 1897 Grecis:

262 1923 287 1966 et
293 1918 377 1981 prelio
386 1917 484 1980 obrupto
495 1917 628 1964 interuentu
638 1915 722 1976 nortia
736 1915 806 1963 Troes
822 1915 923 1965 meteres
931 1921 1006 1977 egunt
1016 1917 1113 1976 uigilias
1123 1915 1207 1964 obsidii
1218 1915 1303 1978 inipso
1314 1913 1364 1961 ioco

260 1997 363 2046 pugne:
379 1988 401 2031 et
410 1981 497 2030 crebris
508 1980 619 2029 excitatis
629 1979 725 2040 ignibus
734 1979 864 2029 deliberant
876 1985 926 2029 totu
937 1985 1003 2029 nocte
1014 1982 1042 2029 de
1050 1981 1144 2030 ratione
1154 1979 1217 2029 betti.

755 2121 865 2174 NOTAE

296 2235 422 2286 lAurorn
439 2236 466 2284 in
484 2235 582 2298 morus]
598 2235 672 2292 Virr.
685 2234 730 2285 lib.
742 2249 793 2287 vu.
865 2237 942 2286 ⁸Pro
961 2237 1042 2300 purte]
1068 2237 1152 2302 Verti,
1176 2251 1223 2300 pro
1244 2237 1366 2303 imperio,

263 2312 363 2364 AEncid.
375 2327 442 2362 vers.
453 2315 494 2361 26.
515 2310 634 2361 ‘Aurora
649 2310 676 2360 in
695 2310 794 2376 roseis,'
834 2313 998 2378 nequeenim
1010 2314 1060 2362 ntia
1070 2313 1111 2362 bic
1127 2320 1215 2376 potest
1225 2313 1364 2364 esseJovis

263 2392 313 2438 dre.
348 2388 442 2436 Crooeis
461 2387 502 2436 bic
521 2385 608 2449 posuit
619 2385 747 2436 Ausonius
765 2392 795 2435 nt
835 2402 904 2452 pars,
921 2388 1096 2454 qnihaecqnae
1108 2394 1249 2452 sequuntur
1261 2403 1309 2452 pro
1321 2403 1364 2438 sn·

263 2461 354 2511 meiius
366 2461 475 2523 primum
492 2460 553 2508 libri
570 2461 642 2524 hujus
659 2461 794 2510 Homerici
834 2479 923 2528 prema
940 2463 1096 2514 anctoritate
1122 2478 1167 2512 sura
1189 2464 1284 2514 ceteris
1304 2464 1364 2513 Diis

264 2551 365 2586 uersum
381 2537 548 2599 exprimeret,
566 2535 608 2584 ubi
627 2543 668 2584 est
686 2535 794 2600 spondes·
833 2539 945 2603 imperat
956 2537 1024 2603 apud
1037 2538 1189 2588 Homerum.

263 2624 324 2666 nuos
332 2614 401 2679 ’aba
416 2628 507 2664 crocea
518 2620 591 2663 veste
602 2611 712 2663 Aumm.

535 2861 726 2914 rnarooun
745 2860 801 2915 rx.
825 2861 992 2938 nonnos
1035 2849 1101 2916 429

354 2998 480 3062 Interea
494 2999 622 3086 uigilum
640 3001 772 3065 excubiis
786 2999 965 3066 cohibentur
981 2999 1105 3067 Artior.

308 3135 340 3198 2.
362 3133 494 3198 Graecis
510 3142 545 3198 et
559 3139 729 3217 praeterita
744 3138 961 3202 dimicatione
976 3139 1154 3222 perculsis
1170 3146 1203 3203 et
1217 3139 1363 3206 instante

266 3235 460 3310 conterritis,
482 3253 637 3318 proceres
658 3239 701 3302 ab
718 3237 968 3320 Agamemnone
989 3247 1230 3304 convocantur.
1276 3239 1380 3318 Qui..

263 3337 326 3400 bus
342 3353 404 3398 rex
419 3335 506 3416 sugae
524 3338 675 3417 consilia,
687 3345 720 3403 et
734 3345 932 3424 apparatum
948 3339 1143 3404 ordinandae
1159 3361 1218 3424 per
1232 3348 1380 3407 noctem-

264 3437 485 3518 navigationis
518 3438 646 3518 indicit,
682 3441 850 3506 Diomede
874 3451 908 3505 et
931 3441 1071 3506 Nestore
1101 3440 1363 3508 dehortantibus

295 3639 395 3688 Interim
408 3642 488 3692 Groeci
498 3642 634 3691 co'c'roentur
643 3643 749 3692 excubiis
763 3643 913 3704 morannum
923 3645 1032 3708 uigilum.

299 3704 359 3752 Cum
381 3705 461 3755 Groeei
472 3707 554 3770 afflicti
566 3713 639 3754 essent
652 3707 769 3768 superiore
779 3710 873 3770 pretio,
889 3713 913 3756 et
931 3711 1054 3771 terrefacti
1065 3726 1124 3760 noro
1142 3709 1286 3773 imminente,
1295 3712 1367 3760 dures

265 3773 377 3817 rorantur
385 3769 414 3816 nb
424 3770 597 3830 Agamemnone
608 3771 634 3817 in
643 3771 773 3821 concilium.
807 3773 840 3821 Et
849 3787 894 3820 rec
904 3775 945 3823 dot
956 3775 990 3823 eis
1005 3775 1128 3824 conubium
1133 3777 1258 3838 fugiendi,
1267 3781 1290 3824 et
1295 3775 1365 3834 jubet

263 3833 397 3891 preparari
408 3834 484 3882 omnio
496 3836 526 3882 nd
538 3833 696 3882 instruendam
714 3835 888 3896 norigutionem
905 3843 984 3901 noctu,
999 3855 1052 3888 cum
1065 3839 1189 3890 Diomedes
1205 3846 1228 3890 et
1242 3841 1329 3889 Nestor
1338 3840 1365 3888 id

753 3977 859 4027 NOTAE

297 4069 423 4118 lInteren
449 4070 558 4132 uigilum,
583 4071 636 4134 dra]
665 4073 794 4136 Exprimit
833 4073 1152 4140 μὲντρῶεςφυλακᾶςέχον.

265 4142 319 4190 huc
332 4142 407 4204 priori
420 4158 512 4194 versus
522 4146 598 4208 hujus
619 4147 678 4197 iibri
690 4165 696 4198 ε
708 4147 752 4198 Ὣς
771 4150 795 4198 ot
