3026 4898
592 344 772 396 llDYbblA·
1156 337 1220 402 599

124 479 224 566 Quid
238 481 342 559 volni,
364 481 454 565 qnod
468 484 558 548 nolle
570 485 694 550 bonnm
708 487 817 551 foretl
839 487 922 553 utile
934 490 1073 557 honesto

123 582 199 648 Cur
211 584 321 648 melus
336 584 497 648 antetulil
518 605 596 650 num
608 586 713 665 dicto,
735 592 793 651 ant
806 588 949 671 deniqne
963 590 1059 656 vultu

122 682 331 748 Perstrictus
346 686 546 767 quiequaml
568 704 627 749 cur
641 705 694 750 me
708 693 826 752 nature
840 689 958 770 magis,
980 708 1081 772 quam

122 783 319 865 Disciplina
333 784 456 848 trabit'i
499 783 557 848 Sic
572 784 663 850 dicte
677 795 712 850 et
725 787 817 851 fecte
830 806 890 869 per
897 789 1015 854 ‚omniu

121 880 336 962 Ingrediens,
358 887 494 964 ortoque
507 902 679 966 avespere
693 893 815 951 cuncta
829 887 1015 966 revolvens,
1173 890 1217 954 25
1299 899 1302 904 '

123 979 289 1046 Offensus
304 982 429 1064 pravis,
450 983 510 1047 dat
523 983 667 1064 palmam
682 988 715 1048 et
728 988 868 1067 praemia
882 987 991 1072 rectis.

121 1169 230 1222 ummo?
246 1171 313 1226 Quid
329 1172 406 1236 ulpici
422 1173 482 1236 quod
499 1171 581 1222 honum
596 1177 657 1222 mee
667 1187 714 1222 eeu
731 1172 835 1236 cupere?
860 1175 941 1231 Quare
951 1189 994 1236 ego
1002 1189 1088 1238 praeut
1098 1172 1217 1236 ontepooui

120 1234 186 1283 utile
204 1235 314 1284 bonetto?
339 1237 381 1285 Aa
395 1237 505 1299 aliquieo
515 1251 552 1284 me
567 1238 637 1284 iem
654 1241 691 1284 eat
708 1237 786 1297 uerbo,
807 1244 850 1287 out
868 1239 939 1288 etiem
955 1239 1128 1302 aignifieutioue
1138 1239 1217 1299 atiquo

122 1295 225 1347 aba?
248 1299 328 1353 Quare
345 1301 421 1361 mogh
429 1300 510 1362 rapior
526 1299 679 1361 proportione
696 1305 799 1360 uuturoe,
817 1317 886 1362 quom
902 1303 1027 1365 preceptis
1041 1298 1217 1364 Philosophia?

122 1361 169 1409 Sic
178 1364 305 1424 procedere
313 1377 356 1424 per
365 1368 449 1412 morto
458 1364 522 1412 dieto
532 1367 556 1410 et
565 1361 636 1422 foetu
645 1377 697 1424 oua,
712 1368 737 1411 et
746 1378 855 1413 revocem
870 1367 896 1413 iu
906 1370 1005 1415 menum
1020 1365 1099 1415 omnia
1115 1365 1145 1414 ab
1162 1367 1217 1414 ortu

123 1423 242 1488 Luct'feri,
252 1427 369 1476 delectent
378 1427 448 1489 teob,
455 1427 536 1475 laudm
546 1431 636 1474 tonum
647 1440 675 1475 eo
685 1441 737 1491 quoe
747 1427 803 1476 heae
812 1428 893 1489 georii.

617 1582 722 1632 N0'l'dl

118 1694 200 1754 juxte
211 1691 356 1742 Stoicorum
371 1692 477 1755 placita,
491 1691 534 1756 qui
551 1692 650 1755 eapien-
690 1698 782 1756 utpote
794 1693 842 1742 viri
858 1694 928 1756 boni,
945 1699 1015 1743 emet
1025 1692 1145 1756 opitulari
1156 1704 1216 1756 ege·

123 1773 181 1816 tent
200 1779 273 1815 suum
296 1766 424 1830 negabant
442 1767 566 1816 misereri.
598 1768 651 1816 Per
691 1769 747 1828 nis3
764 1768 973 1834 Philosopbicum
992 1773 1216 1829 tamennonerat,

122 1840 325 1890 misericordiam
339 1841 518 1903 intelligebant
529 1841 605 1890 animi
616 1855 649 1890 a·
689 1843 745 1892 vieo
754 1843 859 1893 alteriue
869 1844 947 1906 melo,
956 1855 1100 1903 moerorem,
1109 1841 1215 1890 misere·

123 1914 332 1978 gritudinem,ob
341 1915 478 1964 clientium
489 1915 647 1965 miseriarum
690 1918 796 1979 tionem,
810 1919 919 1971 eliemve
933 1919 1011 1966 enimi
1030 1916 1215 1980 permotionem

121 1989 246 2053 speciem.
284 1989 420 2053 AEgritudo
438 1996 532 2053 cutem,
549 1991 647 2055 inquie·
690 1991 801 2041 eeutire:
822 1993 966 2054 praeaertlm
982 1990 1051 2053 apud
1067 1989 1217 2039 austerioria

123 2064 197 2126 bant,
212 2065 238 2112 in
255 2064 398 2126 sapientem
408 2063 489 2113 virum
499 2065 645 2114 concedit:
658 2101 660 2107 2
688 2070 768 2114 recte
779 2065 961 2130 Philosophus,
981 2065 1069 2126 quolee
1084 2062 1214 2126 Pythopo-

121 2153 175 2188 non
189 2138 256 2202 quod
276 2138 405 2187 inhumani
422 2145 517 2200 citent,
533 2143 577 2187 aut
587 2152 647 2200 aup·
689 2139 727 2188 rei
738 2125 865 2188 etstoicil
888 2136 1124 2188 Hullucinaturbic
1135 2136 1214 2184 Viue·

126 2214 212 2276 petiae
234 2211 291 2262 fere
312 2212 428 2274 nollent;
455 2225 541 2261 verum
562 2212 647 2260 omnio
686 2217 728 2260 tua
748 2226 805 2262 cnm
824 2213 947 2276 exponit:
965 2211 1059 2275 ‘AEgre
1071 2224 1146 2276 opem
1157 2210 1214 2272 tuli,

123 2303 193 2353 quae,
208 2289 252 2353 qni
270 2289 429 2352 miserentur,
444 2287 561 2338 dolentes
577 2287 646 2337 sece-
686 2301 737 2338 non
749 2289 862 2339 libenter
874 2295 903 2339 ut
915 2287 1009 2338 debui!

123 2370 193 2427 rent,
210 2364 289 2414 elueri
301 2363 385 2414 auimo
396 2378 427 2413 nc
437 2364 548 2414 libentes
558 2362 646 2413 facere
723 2369 755 2414 2⁵
774 2366 879 2428 Ortoque
902 2380 917 2412 o
937 2365 1043 2427 verpere]
1065 2363 1166 2425 Vesper
1183 2367 1212 2410 et

122 2455 151 2489 ae
167 2438 363 2503 profitebantur.
394 2439 522 2489 Errabant
536 2439 646 2501 scilicet,
687 2438 791 2489 Lucifer
801 2440 871 2488 idem
881 2445 977 2489 autrum
989 2437 1097 2488 Veneria
1111 2436 1158 2488 eub
1170 2450 1212 2484 ve·

123 2515 185 2564 dum
193 2513 647 2577 putebantmirericordiamemeani-
686 2515 725 2565 rio
735 2515 847 2578 nomine,
858 2520 937 2578 prout
949 2514 1035 2564 Solem
1046 2513 1162 2576 requitur
1169 2512 1212 2560 vel

123 2590 159 2638 mi
178 2588 362 2652 egritudinem,
379 2603 436 2654 quae
456 2589 551 2652 potius,
568 2595 597 2638 ut
610 2589 647 2636 ait
686 2589 823 2654 precedit,
840 2596 868 2639 ut
875 2590 932 2653 jem
944 2589 1107 2638 observatum
1117 2587 1149 2636 ed
1160 2586 1212 2636 Ro·

124 2663 243 2713 Clemens
256 2663 349 2712 Strom.
363 2665 389 2713 4.
404 2661 471 2712 &eide
487 2680 509 2712 τι
528 2661 602 2725 ἐστὶν,
617 2663 647 2711 ds
687 2678 738 2714 eas.
770 2665 822 2714 Hic
833 2678 925 2713 nomen
934 2663 1043 2726 Vesperi
1055 2666 1211 2724 praepostere

124 2737 275 2802 oil'lpopirret
285 2735 391 2799 λόγουσι.
417 2737 646 2801 ‘Divinnmqucd
686 2745 794 2801 usurpet
812 2737 940 2786 Ausonius
957 2751 1005 2800 pro
1021 2733 1153 2802 Lucifero,
1168 2749 1213 2782 no·

124 2814 192 2877 dnm,
207 2813 274 2861 eicut
284 2813 424 2876 Prophetae
435 2812 591 2877 loquuntur?
685 2827 744 2862 men
755 2812 939 2876 vespertinum
951 2809 1042 2860 alderia
1059 2822 1108 2874 pro
1125 2807 1212 2858 Metu·

154 2891 187 2936 ²⁰
204 2887 449 2950 Curuliquemsraeto
457 2888 647 2951 persensimecte
684 2888 749 2938 tino.

124 2960 235 3024 dolorem]
259 2962 381 3013 Quamvis
400 2963 468 3012 enim
487 2959 647 3036 Philoeophi,

350 3181 449 3229 xvll.
472 3165 531 3228 Nat
547 3165 595 3226 καὶ
614 3164 653 3226 Ου’
665 3159 867 3247 Πυθαγορικόν.
891 3160 975 3232 ,364

126 3313 209 3390 Est,
224 3321 259 3377 et
276 3311 362 3391 Non,
376 3313 487 3378 cuncti
501 3313 734 3396 monosyllaba
748 3318 830 3375 ncta
844 3309 1061 3393 frequentant.

157 3497 243 3548 oneo
252 3504 367 3562 ueurpoot
380 3499 407 3548 iu
425 3512 528 3549 suumne
543 3499 696 3562 pervulgatae
712 3510 776 3546 vocet
793 3495 864 3545 cuiue
881 3492 976 3559 ayllohoe
988 3491 1034 3548 liet
1044 3495 1068 3540 et
1079 3487 1143 3538 Noa.
1158 3486 1209 3537 Hie

609 3635 718 3688 NOTAE

154 3744 198 3794 uel
208 3743 247 3793 eal
257 3742 304 3806 oh]
315 3743 406 3793 Latine
413 3749 510 3804 vertes,
520 3740 607 3801 etiam,
616 3745 651 3788 et⁴
684 3737 780 3801 potius,
794 3749 870 3800 qnam
881 3734 1005 3795 stoicum,
1017 3729 1210 3789 Academicum,
1292 3777 1294 3780 .

125 3835 180 3870 nan.
198 3819 253 3869 Cic.
270 3832 309 3867 ιν.
326 3816 450 3867 heodem.
468 3821 524 3866 104.
540 3815 595 3865 ‘Ut
606 3829 644 3863 ae·
685 3819 730 3862 aut
741 3811 848 3875 alicujus
862 3810 926 3858 nllue
945 3807 1042 3858 eectaei
1056 3802 1206 3855 Innuitt'or-

125 3907 200 3959 quent
208 3892 419 3956 probabilitatem
427 3891 579 3954 ubieunque
589 3889 645 3938 haec
685 3895 753 3937 taaee
769 3885 814 3934 hee
832 3890 933 3934 tentum
950 3881 1012 3930 duee
1023 3893 1100 3930 voees
1111 3875 1206 3939 Pytha·

125 3976 166 4020 ent
176 3974 304 4029 occurret,
319 3973 365 4017 eut
376 3965 491 4027 deficiet,
502 3963 645 4026 autetiam,
686 3961 780 4026 geticis
791 3973 837 4023 per
847 3955 1034 4023 quinquennale
1051 3951 1113 4004 illud
1131 3949 1206 4013 silens

126 4050 166 4094 eut
175 4055 227 4092 aon
238 4041 397 4106 respondere
408 4039 507 4106 poeait'
685 4039 749 4088 tium
758 4034 926 4102 pronuntiare
935 4031 1046 4082 licuitne.

153 4117 320 4184 Πυθαγορικόν]
344 4119 432 4172 liuere
444 4113 645 4181 Pythagoricum
