3016 4894
594 363 795 414 aeternnm.
1177 345 1244 410 695

148 517 187 578 ut
198 517 256 577 tua
267 511 366 595 culpa
378 509 422 575 ad
432 508 570 574 eundem
578 511 726 596 lapidem
734 519 751 563 ⁰!
760 511 815 575 his
826 505 1121 591 offenderesuego
1131 511 1243 571 autam
1294 496 1305 558 '·

149 633 369 698 quaecumque
389 613 521 678 fortuna
534 620 649 692 esset,q
668 614 772 678 semel
794 613 1044 677 erubescerem.r
1087 611 1118 674 5.
1141 607 1256 690 Vide,¹

149 714 196 779 mi
209 714 346 790 Paula*
361 733 462 797 quam
476 715 627 798 ineptum
640 714 849 779 lacessieris:
870 714 906 776 in
920 711 1040 790 verbis,
1055 709 1167 775 rudem
1179 731 1187 774 :
1210 710 1244 773 in

148 815 348 900 eloquendo,
370 815 535 879 hiulcum:
558 815 777 898 apropositis
800 815 1062 896 discrepantem:
1085 812 1120 876 in
1140 813 1243 877 versi·

141 917 226 1002 ybas,
248 916 512 982 concinnationis
537 921 732 998 expertem:
762 915 797 979 in
823 914 1025 992 cavillando,
1051 921 1170 978 natura
1193 915 1243 978 in-

147 1024 334 1095 venustum,
356 1037 419 1081 nec
434 1024 504 1082 arte
519 1018 709 1082 conditum:
732 1018 831 1083 diluti
847 1019 939 1095 salis,
955 1022 989 1080 et
1002 1016 1093 1080 fellis
1110 1018 1242 1098 ignavi:

149 1140 212 1185 nec
237 1120 278 1184 de
302 1120 404 1184 mimo
426 1119 662 1203 planipedem,⁵
683 1140 745 1184 nec
772 1120 814 1184 de
840 1117 1002 1184 comoedis
1024 1118 1242 1182 histrionem.⁵

149 1221 204 1286 Ac
223 1222 287 1285 nisi
312 1223 386 1286 haec
407 1223 546 1286 anobis
565 1224 669 1286 missa
693 1223 765 1306 ipse
779 1223 925 1286 lecturus
948 1239 1055 1298 esses,
1077 1219 1177 1284 etiam
1201 1216 1243 1282 da

148 1324 419 1407 pronuntiatione
447 1322 592 1388 rideres.t
645 1323 747 1388 Nunc
781 1323 1008 1388 commodiore
1042 1321 1116 1387 fato
1146 1325 1242 1385 suut:

141 1425 243 1509 ‚quod
263 1424 345 1489 licet
363 1425 453 1508 apud
470 1446 533 1490 nos
553 1426 708 1509 genuina,
727 1425 819 1510 apud
835 1430 868 1489 te
882 1432 974 1491 erunt
989 1425 1162 1510 adoptiva.

235 1526 362 1592 Vinum
377 1548 450 1592 cum
465 1529 581 1612 biJugo
601 1531 727 1612 parabo
744 1528 899 1611 plaustro

235 1628 349 1694 Primo
363 1637 516 1713 temporo
533 1631 698 1694 Santonos
713 1630 912 1708 vehendum,

147 1846 230 1910 pedem
239 1845 271 1894 od
281 1847 378 1896 eandem
388 1845 497 1908 lapidem,
508 1845 578 1908 idque
587 1851 628 1895 ton
639 1847 722 1908 culpo:
746 1859 790 1906 ego
806 1859 860 1895 nero
871 1845 945 1894 motai
953 1844 1025 1893 semet
1034 1847 1126 1892 tontum
1137 1841 1244 1907 suffundi

147 1911 245 1973 pudore,
256 1925 402 1986 quorumque
412 1912 508 1986 tandem
517 1924 569 1960 sore
579 1915 682 1960 moneret
693 1924 743 1958 meu
751 1911 852 1986 minoto..
882 1909 1020 1969 Considera,
1030 1908 1064 1956 mi
1081 1909 1165 1969 Paule,
1175 1921 1244 1981 quoin

149 1990 278 2089 m
284 1973 1019 2102 ,ft'ttttt'tttnttttttffitttttttt
1026 1973 1244 2098 :attt'ttttt

148 2103 195 2152 sim
205 2103 313 2167 inficetas
324 2120 339 2151 ιι
350 2105 446 2164 nntu'ro,
462 2108 486 2151 et
497 2105 563 2151 rudia
572 2103 601 2151 ui
613 2108 681 2152 unte:
697 2118 766 2165 quom
777 2103 887 2164 insolens,
898 2117 1010 2166 quomque
1019 2101 1150 2162 insipidus:
1166 2114 1208 2147 nec
1217 2098 1244 2148 in

151 2167 451 2230 mimodignasouiptonis
460 2167 557 2230 pedibas
567 2181 648 2229 agam,
664 2182 736 2229 neque
756 2168 797 2229 qni
815 2166 898 2214 tistrio
915 2167 960 2214 eim
970 2165 996 2214 ιἰι
1006 2165 1132 2214 eomoediie.
1164 2165 1244 2226 Atque

149 2231 223 2281 etium
231 2231 344 2281 irrideres
355 2246 392 2281 me
402 2232 430 2280 ob
438 2232 652 2295 pronuntiationem
663 2245 747 2289 meum
755 2231 803 2280 nisi
810 2236 837 2280 tn
844 2231 895 2292 ipre
905 2232 1006 2280 lecturus
1016 2242 1076 2279 emes
1087 2229 1145 2285 iae,
1155 2229 1245 2290 qaoeod
1293 2261 1298 2268 -

149 2301 175 2345 te
186 2295 271 2362 unitio.-
280 2297 337 2345 dom
342 2296 465 2356 fortunam
474 2296 640 2345 nominemini·
649 2296 782 2344 meliorem:
798 2298 859 2358 oaod
870 2310 1002 2358 quenquam
1012 2309 1027 2342 o
1037 2308 1074 2342 me
1085 2293 1168 2355 genito
1179 2296 1244 2354 mint,

151 2375 166 2408 o
177 2365 211 2423 te,
218 2362 273 2410 dum
283 2361 352 2424 teges,
360 2360 625 2424 videbuntorodoptotu.
661 2361 720 2408 Cam
730 2374 804 2408 ernam
812 2360 892 2408 ninum
902 2359 1057 2409 decedendum
1066 2355 1244 2421 quamprimum

150 2671 200 2716 -t
211 2666 442 2731 paparanum-t
453 2669 564 2718 Viuetus
581 2675 692 2720 testatur
711 2668 737 2718 in
756 2667 886 2719 nonnullis
905 2666 981 2716 codd.
999 2665 1047 2714 hoe
1066 2676 1121 2713 esse
1137 2661 1245 2711 atterius

150 2731 279 2794 Epistoiae
299 2732 456 2782 initium-ti
473 2735 542 2783 ‘Nec
560 2736 590 2784 de
605 2735 723 2784 comediis
741 2732 890 2794 histrionem]
912 2730 954 2779 Sic
974 2730 1043 2792 iege,
1061 2725 1245 2788 concauam,

149 2802 253 2845 actores
275 2797 456 2847 comoediarum
477 2798 632 2862 Histricum,
651 2799 784 2847 mimorum
806 2794 981 2860 Plauipedes.'
997 2793 1115 2842 Floridue.
1148 2790 1199 2839 Sed
1217 2789 1246 2838 in

151 2866 229 2910 textu
238 2859 280 2912 ed.
292 2861 385 2926 Deiph.
395 2863 501 2912 comodis
510 2863 620 2928 legitur:
631 2863 698 2928 quod
708 2863 787 2912 etiam
794 2861 891 2910 rectius
901 2873 956 2908 esse
966 2863 1057 2906 censet
1066 2855 1246 2904 decursim.-

641 3016 750 3068 NOTAE

185 3138 198 3164 ⁰
214 3131 355 3182 tannem
366 3130 478 3196 lapidem]
489 3129 680 3182 Admemaimn
721 3130 796 3180 Mimi
817 3127 939 3193 agebant,
964 3122 1164 3189 ‘planipedem'
1184 3138 1247 3178 vero

151 3207 266 3274 poie'tanr.
635 3215 639 3224 “
721 3215 833 3257 actorem
845 3205 957 3254 mimum.
989 3199 1160 3265 Planipedem
1178 3199 1249 3273 enim

155 3339 159 3348 .
186 3291 200 3325 Ρ
217 3284 265 3333 Bia
277 3282 418 3348 offenderes]
432 3284 517 3332 Semel
536 3275 594 3333 cum
616 3281 681 3333 reci·
722 3284 867 3334 etMimum
879 3280 948 3329 idern
967 3293 1023 3328 esse
1039 3275 1128 3326 scribit
1142 3271 1263 3328 Diome·

154 3360 206 3410 tari
218 3360 266 3410 tibi
283 3375 299 3409 ιι
318 3375 359 3410 me
378 3361 422 3410 illo
441 3359 555 3410 carmina
569 3360 682 3422 vetuisti,
722 3359 823 3411 deoiib.
835 3373 878 3408 ιιι.
896 3362 1065 3421 qtrartamqne
1082 3360 1200 3402 numerat
1211 3360 1249 3404 to·

151 3435 249 3486 iterum
262 3449 329 3484 nune
340 3449 397 3484 cum
409 3435 512 3499 expetis
529 3435 681 3485 muriante
721 3446 839 3501 getarum
860 3433 1003 3482 fabularum
1021 3428 1143 3494 speciem,
1162 3429 1249 3479 Pleni·

153 3511 295 3561 Dissonum
306 3525 400 3560 meum.
720 3515 846 3578 pedisque
864 3508 1064 3575 appellationem
1088 3519 1122 3554 ex
1144 3518 1249 3558 ecesse

149 3626 153 3631 .
187 3595 200 3630 t
226 3589 381 3650 Quocumque
399 3587 502 3648 fortune
527 3587 597 3651 esset]
622 3587 681 3637 Sive
723 3589 768 3650 ait,
787 3585 874 3653 ‘quod
897 3592 998 3635 actores
1024 3581 1106 3646 pionis
1129 3578 1249 3643 pedibus,

153 3664 289 3728 placerent
300 3663 347 3712 tibi
358 3663 409 3714 mei
420 3677 518 3724 versus,
530 3663 584 3712 sive
595 3663 683 3727 dispti·
723 3664 749 3714 id
778 3670 828 3726 est,
856 3659 941 3722 nodie,
973 3657 1136 3724 proscenium
1169 3655 1249 3705 intro·

150 3748 256 3796 serent.
724 3740 800 3802 irent,
819 3754 881 3802 non,
899 3728 1039 3799 ut'tragici
1060 3739 1169 3794 actores,
1190 3746 1248 3782 cum

188 3817 291 3868 'Semel
311 3815 479 3879 misererem]
504 3816 536 3866 In
549 3831 606 3866 ¹urm
627 3821 683 3866 tan·
724 3817 868 3868 cothurnis:
880 3809 1182 3878 neque,utcomici,cum
1193 3821 1250 3857 soc·

156 3901 213 3944 tum
237 3907 326 3959 opere,
353 3892 469 3942 versibus
494 3891 596 3941 scilieet
623 3891 682 3955 iltis,
724 3893 781 3943 cia'

155 3971 296 4035 quonjam
315 3967 364 4019 tibi
383 3968 447 4018 alias
467 3968 599 4030 recitator,
614 3981 683 4020 nunc
756 3968 813 4019 tDe
828 3964 1019 4030 pronuntiatione
1037 3955 1135 4019 emera]
1153 3955 1182 4006 st
1198 3969 1249 4020 ego

156 4045 190 4094 ad
202 4049 229 4096 te
239 4045 325 4098 mitto.
722 4044 779 4108 ipse
791 4041 838 4094 tibi
854 4040 989 4094 recitarem
999 4054 1008 4099 ;
1025 4035 1091 4089 odeo
1110 4033 1177 4086 meio
1193 4047 1251 4103 pro·

189 4128 199 4154 ⁸
223 4122 275 4172 Nee
296 4122 325 4170 de
344 4120 414 4171 mirm
429 4120 587 4184 pinnipequ
614 4120 683 4171 ‘idi-
723 4117 822 4170 nuntio.

156 4196 241 4248 mnm'
252 4197 293 4248 hic
301 4196 416 4262 intellige
425 4196 517 4261 poium
525 4196 607 4262 ipsum
615 4195 683 4262 quod
