3016 4894
302 375 370 440 702
772 385 929 439 lusurus

302 533 461 598 Attamen
477 536 513 596 ut
526 530 625 596 citius
639 531 765 610 venias,
786 531 961 614 leviusque
976 529 1116 610 vehare3

346 633 548 710 Historiam,
569 632 701 710 mimos,
724 633 881 710 carmina,
902 633 1014 715 linque
1027 631 1132 696 domi.

302 733 439 800 Grande
454 753 538 798 onus
552 734 587 798 in
602 733 732 798 Musis:
753 740 806 798 tot
820 734 947 798 saecula
960 731 1098 797 condita
1113 731 1250 811 chartis,

346 833 433 913 Quae
448 854 510 900 sua
522 835 584 900 vix
597 835 738 899 tolerant
751 841 917 919 tempora,
932 841 1048 900 nostra
1060 841 1213 916 gravent.

303 935 489 1001 Nobiscum
504 936 654 1001 invenies
669 931 753 998 utor
769 932 954 1021 πολομοροία
971 935 1087 1013 πληθὺν,
1355 935 1402 999 25

345 1043 559 1124 Γραμματνκῶν
578 1063 609 1100 τε
627 1041 747 1115 πλοκὰς,
769 1036 819 1100 καὶ
840 1035 1067 1122 λογοδανδοιλίην,

302 1137 456 1202 Δάκτυλον
466 1145 563 1225 ἡρῷον,
578 1139 627 1202 καὶ
641 1136 800 1202 ἀοιδοκὸλον
808 1135 985 1224 χορίαμβον,

348 1239 407 1307 Σὺν
422 1239 529 1317 Gallos
542 1265 574 1303 τε
584 1241 668 1325 χόρφ
681 1237 818 1326 &guara
836 1238 1024 1326 Tegiuxo'pn's.

303 1342 467 1408 Σουταὸνκόν
478 1367 509 1405 τε
525 1340 652 1420 κίναιδον,
667 1342 772 1405 latrabo
786 1341 988 1428 ἀμφοτέρωθεν,

345 1442 469 1524 ‘Puta-eir
484 1450 656 1532 llrrbagmair
671 1442 778 1526 ἔννομον
791 1443 908 1520 uberior.

304 1541 456 1621 Εἶλνπόδην
470 1545 626 1626 σκάζοντα,
641 1546 691 1609 καὶ
706 1548 736 1608 οὔ
748 1546 893 1626 σκάζοντα
905 1543 1062 1632 τρίμετρον.

345 1644 442 1710 ’οκτῶ
460 1647 638 1728 Θουκυδίδου,
654 1646 728 1714 iutra
740 1644 903 1735 ‘Hgobhrom

301 1897 420 1942 amaseae
430 1891 475 1942 tihi
486 1895 535 1942 loeo
543 1894 626 1956 orettt
659 1895 820 1944 Nihilominus
838 1898 865 1942 tt
875 1891 955 1942 oenias
965 1892 1073 1953 celerius,
1090 1895 1114 1940 et
1129 1889 1250 1939 drachmis
1260 1889 1304 1940 hue
1315 1890 1401 1949 leriam

301 1956 476 2019 relinqusoomi
487 1963 535 2007 tuoe
545 1957 678 2022 historiam,
689 1960 781 2021 mimos,
789 1972 877 2008 oerrur.
902 1957 981 2005 Maso
991 1957 1088 2004 multum
1096 1956 1235 2018 postmort.
1262 1956 1307 2005 Tot
1315 1957 1401 2004 aarum

301 2021 379 2068 relato
394 2021 420 2070 ἐκ
440 2036 551 2086 papyros,
568 2038 620 2084 quo
638 2023 680 2072 oia
698 2023 830 2072 tolerabilia
844 2026 901 2071 aaut
917 2021 967 2070 ruis
983 2019 1103 2081 ototihur,
1118 2024 1270 2081 memorent
1285 2025 1401 2068 rostram.

302 2083 416 2147 Reperire
424 2089 487 2148 opud
494 2100 536 2134 nos
545 2086 712 2148 multiformem
722 2088 811 2150 capium
821 2100 940 2147 uersuum,
953 2085 1212 2146 Grumomtieorumque
1221 2083 1401 2145 implicationes,

302 2152 326 2196 et
334 2149 455 2197 aeriorum
470 2151 619 2212 mrietatem,
631 2153 761 2214 Dactylum
773 2151 900 2211 heroicum,
908 2155 931 2198 ot
943 2148 1109 2197 choriambum
1117 2149 1227 2210 lyricum,
1237 2153 1261 2196 ot
1271 2163 1324 2196 eum
1332 2150 1401 2197 ohoro

305 2211 396 2260 Thalia
418 2213 532 2276 Syrmoto
552 2215 722 2278 Terpsichores.
756 2216 792 2263 Et
811 2213 936 2263 Cimoliam
955 2212 1103 2275 Sotadicum,
1122 2211 1229 2261 lonicum
1250 2211 1280 2260 ob
1300 2219 1401 2276 utraque

299 2280 380 2338 porto,
393 2277 486 2337 justum
499 2277 640 2336 socordiam
658 2294 806 2329 nuorororum
825 2278 1013 2326 Pindaricorum.
1052 2276 1191 2338 Loriperiem
1211 2275 1361 2340 Soozontem,
1378 2280 1400 2325 et

302 2339 438 2390 trimetrum
455 2356 501 2390 aon
517 2342 694 2394 claudicantem.
728 2344 789 2392 Octo
806 2341 879 2391 libror
891 2341 1139 2404 humiliationem
1156 2341 1283 2390 Herodoti.
1316 2341 1400 2392 Acimi-

796 2517 906 2569 NO'l'AE

301 2643 359 2708 olas
371 2644 546 2709 Bigerritana.
901 2649 1053 2714 τερψιχορης]
1071 2651 1138 2701 Hac
1149 2657 1235 2700 tamen
1251 2651 1363 2716 choreis,
1374 2660 1400 2702 et

333 2725 366 2771 20
383 2721 440 2772 Non
457 2723 527 2774 babet
543 2727 666 2791 amtorem]
683 2727 831 2793 Propterea
870 2726 975 2776 cithara
987 2741 1099 2790 preesse
1117 2728 1194 2790 vulgo
1213 2735 1331 2792 putatur,
1343 2743 1399 2780 curn

302 2797 372 2862 quod
380 2798 448 2848 situs
460 2806 500 2849 erl
511 2801 543 2849 irs
554 2803 660 2865 regione
671 2803 775 2868 frigida,
792 2805 829 2854 ri·
869 2803 1007 2870 Tragoedia
1017 2804 1147 2854 tribuatur
1156 2805 1342 2868 Melpomenae.

300 2887 406 2924 mearum
415 2875 507 2937 sterili,
517 2879 567 2927 &e
591 2878 659 2928 Vide
667 2880 829 2944 ruproEpis-
901 2887 934 2932 29
959 2881 1090 2934 morab
1109 2902 1137 2933 τε
1157 2883 1269 2948 κίναιδον]
1288 2886 1398 2936 Versum

297 2948 381 2998 telam
391 2949 602 3015 arabilinguem.
868 2959 1029 3020 Sotadicum,
1039 2973 1056 3008 a
1072 2959 1170 3010 Sotade
1193 2960 1314 3010 Cretensi
1339 2961 1401 3025 poli-

333 3023 374 3074 su
388 3025 434 3074 tibi
451 3026 593 3092 proportio]
611 3032 829 3082 Remaneatsem·
868 3042 905 3098 ta,
934 3036 977 3100 qui
1000 3035 1124 3100 ejusmodi
1153 3043 1236 3087 metro
1258 3037 1403 3098 Cinaedica,

301 3106 429 3162 perteus,
451 3107 479 3150 et
495 3109 522 3152 te
540 3112 631 3168 pascat
648 3107 735 3156 inritis
746 3107 829 3156 credi·
867 3112 916 3161 hoo
927 3119 978 3173 est,
996 3110 1119 3163 obscoeno
1136 3112 1287 3174 scripserat.
1322 3113 1401 3164 Hunc

301 3174 403 3224 toribus
421 3176 482 3237 tuis,
499 3178 543 3242 qui
560 3180 587 3227 iu
604 3181 716 3244 pretium
727 3181 794 3245 ejus,
807 3181 829 3232 si
869 3187 986 3251 appellat
1000 3185 1090 3237 ἶυνυιον
1105 3185 1268 3252 ἀμφοτέρωθεν
1282 3187 1401 3238 Ionicum

300 3249 377 3298 rendi
390 3257 490 3312 posset,
502 3253 591 3302 statim
602 3255 755 3305 involarent.
869 3262 902 3312 ab
919 3269 1029 3328 utraque
1041 3270 1125 3327 parte,
1139 3262 1190 3313 hoc
1206 3271 1257 3327 est,
1267 3279 1283 3313 a
1294 3264 1404 3328 majore,

332 3324 573 3408 immolatio-tior]
591 3328 622 3378 lu
641 3329 828 3384 Grammatico·
869 3342 927 3387 eta
943 3337 1050 3401 minore,
1061 3337 1122 3402 quia
1139 3337 1232 3388 lonico
1244 3339 1312 3402 pede
1325 3340 1402 3390 Sota-

300 3396 416 3461 Mastrge
439 3412 538 3464 supra:
577 3404 620 3454 ‘E
646 3405 829 3470 Logodaedalia
868 3410 916 3461 des
924 3409 1077 3477 frequenter
1085 3426 1155 3476 usus,
1165 3419 1233 3462 teste
1243 3413 1403 3464 Terentiano

300 3473 394 3524 strides
403 3475 479 3526 modo
491 3479 534 3540 qui
543 3480 647 3529 nimium
658 3481 737 3532 trux)
868 3487 962 3536 Mauro
974 3485 1007 3536 de
1020 3486 1140 3551 pedibus.
1172 3488 1220 3537 Est
1230 3495 1319 3538 autem
1331 3489 1402 3541 loni·

332 3553 364 3600 ll
379 3550 541 3618 Ἀοιδοπόλον]
557 3556 600 3605 Sic
612 3556 720 3606 Vinetur
732 3572 764 3607 ex
776 3566 827 3608 λον·
867 3578 912 3614 cus
934 3579 990 3630 pes,
1003 3564 1081 3628 juxta
1098 3564 1217 3626 eundem,
1234 3575 1358 3618 constans
1369 3584 1402 3618 ex

299 3625 475 3692 lortuorquod
493 3631 519 3680 in
538 3632 689 3695 quibusdam
705 3633 777 3684 libris
789 3649 829 3684 re·
869 3646 981 3704 quatuor
992 3640 1107 3704 syllabis,
1121 3641 1295 3706 quarumdam
1307 3644 1403 3708 longa,

300 3701 378 3765 perit.
400 3701 545 3767 Hesychius
556 3704 708 3758 borboritas:
725 3708 777 3774 περὶ
786 3709 829 3760 rte
869 3720 898 3763 et
914 3713 971 3764 duae
990 3714 1098 3766 breves:
1122 3730 1181 3765 cum
1199 3716 1283 3780 longae
1302 3732 1403 3782 praece·

299 3774 359 3840 otas
371 3778 535 3844 στρεφόμενος,
552 3783 638 3833 ‘circa
649 3784 789 3835 cantilenas
801 3794 829 3836 et
869 3789 942 3853 dunt,
954 3797 984 3840 ut
1002 3791 1029 3840 in
1047 3791 1095 3840 huc
1113 3805 1176 3841 voce
1193 3793 1202 3821 ⁴
1215 3791 1343 3855 lavinia(
1354 3809 1401 3857 ap·

208 3877 209 3882 =
300 3854 364 3906 odas
378 3856 496 3905 versans!
528 3859 648 3922 Lyricum
666 3874 744 3924 porro
769 3877 828 3912 esse
868 3867 981 3929 pellatur
991 3866 1245 3930 Ionicusamajore,
1257 3865 1304 3918 lari
1319 3867 1400 3934 μείζο-

300 3935 329 3978 et
347 3929 403 3979 odis
423 3936 512 3994 aptum
524 3933 618 3995 pedem
636 3935 828 4004 choriambum,
867 3957 922 3990 ror:
944 3955 1001 3990 cum
1021 3956 1083 3992 vero
1101 3942 1255 4006 praecedunt
1272 3943 1331 3994 dum
1342 3945 1401 3996 bre-

299 4017 375 4053 nemo
386 4005 477 4069 nescit,
490 4006 533 4071 qui
545 4007 682 4059 Horatium
693 4012 795 4075 legerit.
867 4030 924 4077 rea,
939 4024 969 4066 at
980 4017 1007 4066 in
1016 4017 1064 4067 hac
1076 4031 1140 4068 voce
1160 4019 1168 4046 ‘
1180 4019 1341 4083 Diomedes,'
1354 4037 1400 4088 ap·

332 4083 365 4129 28
384 4079 504 4146 Σύρμοτο]
520 4084 615 4134 Vestes
634 4094 695 4137 aunt
710 4089 826 4154 Tragicm
866 4093 1115 4155 pellaturlonicusa
1131 4095 1238 4158 minore,
1248 4095 1289 4147 ἀπ’
1299 4095 1400 4150 biaeo-

298 4153 505 4220 loogoe,lrumum
517 4166 659 4212 verrentes.
867 4183 913 4218 ros.
