3026 4898
263 323 328 390 olid
720 331 875 384 ausourr

262 475 452 546 memoria⁶
474 477 641 562 negotium
653 491 772 560 sparsa
785 475 954 558 colligere,
965 479 1000 538 ot
1014 473 1171 555 integriore
1180 472 1347 538 lacerato:

265 580 356 664 quod
371 577 475 644 ridere
488 580 605 660 magis,
620 597 720 660 quom
733 575 870 640 laudaro
885 575 1007 658 possis.
1052 574 1118 638 Pro
1132 592 1211 657 quo,
1234 573 1264 636 si
1287 591 1350 654 per

266 682 451 764 Sigillaria·
472 681 507 742 in
526 680 680 743 auctione
694 675 832 754 veniret,
854 694 963 759 neque
975 673 1135 738 Afranius
1160 672 1271 738 Nouoi
1289 673 1350 735 da·

265 829 350 888 lisera,
360 829 436 890 legere
446 828 559 892 dispersa
570 833 593 877 et
603 827 711 887 redigere
725 828 802 875 lacera
813 824 839 872 ise
849 837 920 872 uram
929 835 1027 883 eorpus.-
1042 821 1101 883 qaod
1111 820 1202 882 quidem
1216 818 1290 867 risam
1305 819 1351 867 tili

260 894 342 956 polias
350 893 488 954 exprim,
496 906 565 954 ause
575 892 666 940 mess
672 892 757 940 mereri
766 888 849 951 poscit.
875 887 924 934 Pro
933 899 978 948 qao
993 882 1108 946 adverb.
1119 884 1141 932 si
1151 883 1288 932 venderetur
1299 882 1353 929 liei·

265 957 355 1006 tatione
364 956 389 1004 isa
406 955 527 1018 naun,
537 970 579 1004 see
589 954 705 1014 Μαικία
720 955 787 1002 daret
799 951 916 1012 Nauarum,
926 962 997 1020 segue
1006 947 1108 997 Plautus
1124 945 1220 1011 offerret
1230 959 1298 994 saura
1309 945 1352 993 ci-

701 1103 704 1109 .
756 1062 863 1114 norm
951 1125 956 1134 Ι

299 1162 315 1193 '
333 1163 459 1213 carmes
466 1164 559 1228 soum]
577 1163 654 1226 Apud
664 1163 789 1213 Catonem
829 1154 887 1204 wli·

268 1245 296 1287 et
304 1238 470 1288 Columellam
482 1237 549 1288 inter
561 1240 723 1289 Raeticarum
734 1253 790 1287 rea·
861 1238 873 1263 θ
894 1231 944 1280 Per
955 1227 1092 1294 Ugillcria]
1113 1227 1230 1278 Macrob.
1248 1227 1354 1280 Satura.

267 1319 308 1361 tea
328 1319 477 1361 recensetur
495 1313 587 1376 Cento,
600 1314 678 1362 restis
688 1327 703 1361 e
713 1313 791 1361 variis
832 1308 877 1358 lib.
889 1321 907 1358 r.
916 1323 974 1372 cap.
987 1313 1027 1358 10.
1039 1308 1065 1356 in
1081 1305 1145 1355 tine:
1163 1303 1290 1354 ‘Abunde
1299 1306 1354 1368 jam

269 1386 414 1450 panniculis
433 1393 548 1437 consuta.
580 1386 623 1436 Ad
644 1387 719 1449 lmjua
738 1384 792 1434 effi·
833 1382 954 1446 probasne
973 1397 1018 1430 nos
1036 1382 1134 1431 aestimo
1150 1381 1293 1429 Saturnalia
1305 1395 1356 1429 uno

270 1462 339 1523 mem
357 1465 434 1509 cento
451 1469 559 1509 vocatur
571 1462 696 1511 Carminis
714 1473 792 1522 genus
833 1466 930 1508 tautum
953 1457 1004 1518 die,
1024 1456 1049 1505 id
1072 1465 1122 1519 est,
1143 1461 1236 1520 quarto
1255 1455 1357 1504 decimo

260 1535 358 1584 multis
370 1535 446 1583 alieni
456 1536 575 1612 qrmims
586 1536 718 1598 particulis
734 1549 793 1582 con·
833 1532 945 1582 Kalend.
957 1533 1032 1580 solita
1042 1531 1184 1580 celebrari:
1207 1528 1252 1578 sed
1263 1530 1357 1592 postia

271 1615 366 1659 sutum.
409 1609 452 1658 Sic
481 1613 548 1658 teste
575 1609 735 1658 'l'ertulliano
761 1609 794 1659 de
834 1603 1358 1670 triduumpropagataprirnumexadjec·

271 1682 426 1746 Praescript.
442 1698 500 1746 cap.
515 1687 556 1733 ³9.
588 1681 714 1733 ‘Ovidius
726 1685 795 1733 Geta
834 1677 1358 1733 tiaaCesarelruicrnensidiebua,deinde

270 1756 391 1805 Medeam
411 1757 561 1820 tragoediam
579 1773 611 1807 ea
621 1759 731 1820 Virgilio
743 1760 794 1821 pla·
807 1817 815 1828 ι
835 1771 867 1804 ex
878 1756 964 1805 edicto
979 1755 1099 1818 Augusti,
1108 1769 1158 1818 qno
1170 1754 1248 1802 trium
1260 1753 1358 1801 dierum

269 1831 375 1880 nissimc
394 1832 539 1895 expressit!
575 1833 614 1881 Ex
635 1833 742 1883 Homeri
768 1839 795 1882 et
835 1831 913 1879 feriae
923 1829 1097 1879 saturnalibus
1108 1827 1215 1876 addixit.
1247 1826 1360 1876 Asexto

270 1906 374 1968 Virgilii
390 1906 505 1956 versibus
521 1913 551 1959 nt
562 1908 697 1970 plurimum
708 1915 795 1956 cento·
835 1903 937 1954 decimo
953 1904 1031 1967 igitur
1049 1909 1136 1966 coepta
1146 1904 1172 1952 in
1188 1907 1306 1966 quartana
1319 1901 1362 1950 de·

271 1979 554 2033 neeconflatifueruut.
585 1984 680 2032 Eorum
691 1990 797 2034 untes·
836 1981 929 2029 cimam
948 1981 1085 2040 desinunt;
1103 1978 1361 2044 quosolofieriants

272 2055 397 2105 endorum
415 2065 548 2120 praecepta
573 2057 679 2108 aJulio
703 2057 797 2106 Roscio
836 2061 1033 2105 consueverant.
1065 2055 1117 2104 Sed
1128 2055 1311 2118 Sigillariorum
1319 2055 1364 2104 ad-

272 2127 386 2180 Bortiuo
398 2130 495 2180 tradita
513 2131 647 2193 subjunxit
666 2132 798 2181 Fabricios
832 2129 1362 2193 jectaeelebritasinseptemdiesdiscur-

273 2204 380 2254 diversis
389 2204 543 2255 centonibus
551 2221 615 2270 quos
622 2205 703 2255 edidit
710 2207 799 2257 Helrn·
838 2218 894 2252 snm
906 2204 1036 2267 publicum
1052 2209 1080 2253 et
1097 2205 1214 2254 laetitiam
1231 2204 1362 2266 religionis

272 2280 341 2328 stad.
353 2283 425 2329 1⁵97.
435 2281 461 2329 iu
473 2285 509 2332 4⁰.
838 2278 974 2329 extendit!
1007 2281 1099 2330 Statim
1116 2294 1178 2343 ergo
1196 2286 1256 2343 post
1274 2281 1364 2328 Satur·

305 2360 316 2386 ⁶
335 2355 385 2411 Qui
400 2355 474 2418 primi
492 2357 535 2406 lae
554 2357 728 2406 madramen
738 2359 798 2405 luae·
838 2355 1014 2415 nalia,mense
1025 2355 1163 2405 Decembri
1176 2354 1303 2416 Sigillaria
1320 2367 1365 2402 ee·

273 2428 342 2490 suut]
359 2429 469 2480 Quinam
486 2431 582 2481 fuerint
600 2432 673 2495 primi
684 2433 732 2494 illi,
747 2446 797 2482 non
837 2428 1002 2478 lebrabuntnr
1015 2443 1064 2492 per
1082 2428 1178 2478 AEdiles
1196 2436 1249 2477 turn
1260 2428 1365 2477 curules

275 2502 347 2551 dicit.
380 2503 500 2554 Meminit
522 2507 679 2570 quorundam
700 2507 799 2557 'l'ertul
838 2509 891 2552 tom
911 2502 1035 2567 plebeios,
1059 2511 1088 2554 ut
1105 2503 1193 2552 videre
1212 2510 1252 2552 eat
1273 2517 1305 2551 ea
1323 2503 1363 2552 lrls

273 2577 357 2626 lianns
373 2578 418 2628 lib.
435 2580 468 2628 de
486 2581 728 2646 Praescriptionibus
739 2596 798 2645 cap.
838 2580 944 2629 Ausonii
956 2581 1071 2629 versibus
1089 2576 1157 2628 infra
1173 2579 1199 2627 iu
1218 2577 1365 2640 llclogario,

275 2653 316 2702 aa.
349 2653 413 2702 ‘Vis
435 2655 532 2718 hodie,'
549 2657 643 2720 inquit,
665 2656 804 2718 ‘fabulam
838 2653 881 2703 ubi
899 2653 931 2702 de
948 2655 1030 2703 Feriis
1043 2655 1181 2703 ltonrarris:
1199 2651 1366 2714 ‘AEdilesque

275 2727 303 2775 in
322 2734 404 2778 totum
431 2729 515 2791 aliam,
541 2732 669 2794 componi,
695 2732 802 2780 materia
840 2731 918 2779 etium
932 2731 1026 2792 plebei,
1043 2730 1190 2793 AEdilesque
1209 2728 1309 2776 curules
1320 2727 1367 2776 Sa-

274 2803 414 2852 secuudom
439 2819 540 2868 ‚versum
569 2806 683 2854 versibus
711 2819 801 2854 secun·
841 2801 1365 2867 cra,Sigillorumnorninedicta,colunt.'

275 2876 336 2925 dum
364 2879 484 2928 materias
514 2879 691 2930 concinnatis?
721 2881 802 2928 Deni-
841 2876 1367 2943 Easigilla‚equorumnomineaigillaria

276 2965 327 3014 que
350 2952 429 3004 Ouid.
456 2955 527 3003 Geta
554 2955 684 3004 Medaearn
709 2961 802 3017 trago·
841 2953 995 3012 dictasunt,
1012 2960 1088 3001 eraut
1106 2951 1260 3012 oscilla,aeu
1279 2950 1368 3012 capita

275 3026 345 3074 diam
353 3041 385 3074 ex
394 3028 501 3090 Virgilio
511 3030 656 3092 plenissime
664 3029 801 3092 expressit.
840 3026 940 3088 fictilia,
950 3041 1006 3090 quac
1017 3041 1064 3089 pro
1075 3025 1202 3088 capitibus
1213 3025 1265 3073 suis
1276 3024 1300 3070 in
1319 3023 1368 3072 Di·

276 3102 353 3149 Meus
370 3101 473 3164 qnidam
489 3105 647 3167 propinquus
666 3119 698 3154 ex
710 3104 801 3152 eodem
841 3101 874 3150 tis
896 3101 1021 3150 Sacellum
1038 3101 1142 3149 Saturni
1157 3114 1209 3149 arae
1226 3099 1367 3161 cohaerens,

276 3175 365 3238 poeta,
374 3178 443 3226 iuter
453 3187 543 3227 cetera
562 3181 622 3243 styli
638 3181 755 3241 salotis,
765 3182 802 3242 pi·
842 3173 971 3232 ferebant,
983 3176 1088 3234 inditiis
1098 3181 1126 3224 ⁰²
1135 3173 1217 3223 refert
1229 3172 1297 3222 idem
1309 3173 1368 3222 ΜΕ·

277 3263 366 3298 necem
388 3251 494 3301 Cebetis
505 3254 646 3317 explicuit:
669 3258 717 3304 &a
751 3256 805 3304 llx-
842 3249 1368 3313 erobius‚aPelasgisadreuis,veteribus

277 3330 335 3372 tant
356 3327 477 3376 Eudociae
509 3336 537 3378 et
561 3330 653 3380 Proba
676 3331 803 3380 Falcouiaa
843 3326 911 3374 Latii
932 3325 1087 3388 cultoribus,
1102 3315 1182 3386 more,
1205 3323 1249 3386 qui
1270 3324 1368 3373 oraculi

214 3423 220 3434 =
277 3402 543 3466 centoncsVirgiliani
554 3405 586 3452 de
602 3407 800 3455 veterietnoro
842 3401 947 3464 hujusce
970 3401 1054 3450 verbis
1075 3400 1188 3449 inducti:
1205 3396 1246 3447 sal
1263 3399 1368 3460 κεφαλὰς

276 3477 443 3538 testamento,
465 3485 524 3540 post
551 3478 658 3527 Ausonii
684 3486 801 3542 tempora
834 3475 905 3539 Ἀδη,
921 3476 960 3526 rol
974 3478 1009 3538 τῷ
1025 3474 1094 3539 πατρὶ
1103 3472 1207 3534 πέμπετε
1217 3476 1292 3536 φῶτα·
1311 3489 1369 3524 cunr

278 3548 378 3611 scripti,
399 3555 427 3598 ct
446 3551 627 3613 elegantissimi
650 3554 800 3602 recentioris
842 3550 885 3599 diu
905 3548 1165 3612 lrumanis‘capitibus
1185 3549 1283 3609 Ditem,
1293 3553 1322 3598 ct
1331 3549 1370 3596 ri·

278 3621 410 3684 scriptoris
422 3624 494 3673 Laelii
503 3625 622 3689 Capilupi
634 3627 709 3676 variis
717 3627 750 3676 de
761 3641 801 3675 re·
842 3640 928 3674 rorum
940 3625 1049 3675 victimis
1065 3624 1203 3672 Saturnum
1221 3622 1370 3683 coluissent,

276 3695 335 3746 bua.
368 3697 493 3748 Tentavit
513 3715 614 3765 quoque
633 3701 755 3752 Heinsius
776 3703 802 3751 id
843 3699 875 3748 ab
887 3700 1000 3748 Hercule
1011 3712 1069 3747 eum
1081 3696 1210 3759 Geryonis
1226 3696 1309 3746 bobus
1321 3712 1371 3760 per

279 3784 359 3832 genus
372 3771 507 3836 poe'matis,
520 3775 565 3825 sed
577 3776 674 3825 nonita
690 3777 805 3827 feliciter
843 3774 947 3823 ltaliam
958 3778 1117 3832 revertente,
1125 3771 1212 3821 edocti
1222 3786 1274 3820 nou
1284 3774 1371 3834 capita

278 3859 336 3894 meo
347 3846 450 3910 quidem
456 3847 565 3910 jndicio.
842 3851 962 3914 hnmana,
987 3849 1032 3899 sed
1060 3849 1152 3898 oscilla
1174 3847 1207 3897 ad
1232 3848 1369 3898 humanam

310 3921 322 3955 ⁶
338 3921 402 3972 Solea
417 3925 545 3988 memoria]
561 3925 690 3989 ’Δρχαῖκῶς
708 3941 756 3990 pro
767 3943 806 3977 so·
844 3925 953 3989 effigiem
972 3932 1029 3976 arte
1048 3925 1176 3985 simulata,
1187 3939 1270 3988 neque
1280 3926 1372 3985 virum,

278 3997 344 4058 lins3
370 3999 408 4048 sic
434 3998 460 4047 in
484 4001 609 4049 Eunucho
630 4003 735 4054 Terent.
756 4003 807 4066 Py·
845 4002 891 4051 sed
908 4002 1003 4052 lumine
1021 4001 1119 4051 oraculi
1138 4001 1370 4063 serbispeti,cnm

279 4073 356 4138 thies,
376 4075 458 4126 ‘Mihi
473 4076 536 4126 solae
554 4076 663 4128 ridiculo
677 4076 747 4141 fait‚'
759 4092 804 4142 pro
845 4080 921 4142 φῶτα,
930 4085 957 4128 et
966 4076 1195 4139 virum,etlurrrins
1203 4073 1371 4139 signiticaret,
