3026 4898
274 368 339 434 548
739 380 893 429 snsonrr

275 526 518 590 Initemeutum
532 523 654 605 quibus
669 521 800 586 additur
815 539 1005 605 aequoreum
1221 521 1281 586 sal.

275 626 365 690 Olim
379 626 563 690 communis
578 623 692 708 pecori
708 623 804 688 cibus
826 630 925 706 atque
939 624 1061 688 homini
1176 622 1281 706 glans,
1305 699 1309 704 .

274 729 363 792 Ante
377 727 534 810 equidem
547 727 678 810 campis
692 745 794 808 quam
811 725 927 808 spicea
941 731 1135 809 suppeteret
1193 725 1283 790 frux.

276 829 364 894 Mox
379 829 471 907 ador,
493 836 595 910 etque
611 826 724 892 adoris
739 826 782 890 de
796 827 922 910 polline
937 825 1124 910 pultificum
1224 826 1284 902 far,
1350 827 1373 889 5

276 930 587 1014 Instruxitmensus
607 947 674 1012 quo
689 923 858 1012 quondam
874 926 1092 992 Romulidum
1177 928 1283 1012 plebs.

277 1031 366 1096 Hinc
382 1032 491 1106 cibuS,
512 1029 590 1095 hinc
606 1037 720 1114 potus,
735 1029 813 1094 cum
827 1027 1005 1093 dilueretur
1019 1049 1109 1114 aqua
1196 1029 1283 1112 puls.

276 1131 338 1197 Est
351 1135 438 1196 inter
449 1132 560 1214 fruges
576 1149 690 1195 morsu
705 1131 804 1214 piper
818 1131 1032 1214 aequiparens
1206 1131 1285 1214 gith.

276 1235 320 1298 Et
336 1232 513 1297 Pelusiaco
526 1231 569 1296 de
585 1232 710 1298 semine
725 1233 840 1316 plana,
855 1237 944 1296 teres
1201 1233 1286 1299 lens.

276 1333 320 1398 Et
333 1334 459 1418 duplici
473 1332 613 1398 defensa
626 1334 796 1416 putamine
811 1332 1060 1416 quinquegenus
1203 1351 1286 1395 nux.
1330 1333 1374 1397 10

277 1519 415 1580 adjungitur·
424 1518 456 1566 od
467 1517 615 1566 medardum
620 1515 720 1577 summ.
753 1513 877 1573 ίὶιιοπᾶιιηι
886 1518 957 1578 eluas
967 1521 1019 1566 erut
1037 1531 1090 1566 essu
1111 1517 1238 1567 eommunis
1250 1518 1330 1579 percu
1350 1523 1376 1568 et

276 1583 374 1640 lumini,
386 1586 448 1631 certe
457 1581 686 1646 prinsquumfruges
695 1580 779 1630 aristis
788 1585 912 1642 metente,
923 1581 971 1644 ipsi
979 1587 1066 1645 preste
1077 1586 1152 1631 esseut
1167 1582 1193 1632 is
1203 1583 1277 1632 cruia
1308 1582 1376 1632 Deire

276 1648 335 1696 oder
344 1645 427 1722 affuit,
438 1651 462 1694 et
474 1644 519 1706 sur
530 1646 592 1710 palti
602 1645 723 1705 socienda
735 1650 818 1708 eptam
827 1658 859 1692 ex
869 1645 935 1694 tenui
944 1645 1031 1704 ferina
1045 1646 1134 1706 edom,
1147 1661 1178 1695 ea
1194 1661 1239 1709 quo
1253 1645 1376 1709 wissula

276 1711 409 1767 Ουίήέιιιω
420 1710 476 1759 olim
486 1711 610 1760 momente
621 1724 718 1760 meam.
752 1710 794 1757 Ee
803 1708 884 1758 eosidi
893 1709 1142 1771 puerascerem
1157 1718 1249 1772 potum
1264 1711 1376 1759 dilnmde

274 1776 362 1836 psum
372 1789 440 1838 apte.
472 1775 541 1824 Ister
552 1774 685 1836 fragment
698 1772 754 1835 gret
764 1787 860 1836 aequans
874 1787 956 1834 sopore
973 1774 1042 1836 piper
1058 1789 1112 1824 uss
1128 1775 1258 1824 mediter.
1293 1777 1337 1824 Est
1349 1783 1375 1824 et

276 1841 327 1888 less
335 1840 406 1901 pluas
416 1846 440 1888 et
449 1841 560 1901 rotunde,
570 1844 623 1888 erto
630 1839 717 1890 umiae
727 1838 859 1888 Peterem.
884 1835 920 1886 Et
931 1839 1143 1902 nuxquistuplicis
1155 1841 1250 1900 gereris
1267 1844 1376 1902 protecte

733 1976 913 1999 ”coneum

310 2063 470 2128 aAEqeerees
480 2062 507 2112 in
517 2061 576 2111 'lilii
592 2060 718 2112 libro-3
735 2061 802 2112 Tres
820 2060 930 2126 scripti:
950 2061 1084 2112 Communia
1100 2062 1221 2124 pecorique
1237 2061 1292 2111 elin
1309 2061 1379 2112 odas

276 2134 347 2190 etque
371 2127 459 2203 dommi
484 2129 613 2189 glum-8
638 2126 707 2176 Alii:
732 2127 771 2188 git
800 2125 855 2177 siue
884 2125 1054 2190 spiritu-10
1080 2127 1141 2177 Duo
1172 2126 1280 2190 optimi:
1308 2127 1377 2189 quis·

293 2207 322 2240 uo
341 2205 401 2240 ears.

278 2208 292 2253 q
322 2206 341 2253 g
771 2275 881 2327 NOTAE

309 2381 323 2424 5
344 2375 405 2424 Mox
420 2372 491 2436 odor]
514 2368 604 2422 Genus
624 2378 665 2422 est
683 2371 759 2421 larris
778 2378 806 2421 et
846 2369 944 2424 referat
956 2372 1131 2435 acrimoniam,
1147 2380 1192 2423 unt
1203 2373 1263 2438 quia
1278 2373 1379 2437 piperis

274 2448 401 2498 frumeuti
417 2446 486 2513 apud
505 2447 620 2510 Festum,
642 2445 765 2510 Nouium,
779 2453 807 2498 et
846 2447 903 2496 vice
913 2447 939 2496 iu
952 2448 1038 2498 multis
1050 2448 1174 2498 utantur.²

276 2525 404 2574 Servium.
772 2549 777 2554 ·
879 2520 894 2550 '⁵
910 2524 996 2573 Morsu
1004 2524 1072 2587 piper
1082 2525 1231 2587 ‹equiperem
1241 2524 1309 2588 gili]
1326 2525 1377 2576 Le.

309 2595 807 2664 Depellire]Pollenteuuissinraferlua
846 2606 911 2661 gunt
933 2598 976 2648 alii
1005 2599 1066 2648 sine¹
1088 2601 1253 2664 aspiratione.
1291 2602 1378 2652 Vetus

277 2682 328 2737 est,
338 2690 395 2741 quae
408 2676 499 2726 volitet
510 2676 570 2726 dum
580 2673 750 2726 succernltur.
847 2674 991 2725 Bibliorum
1023 2675 1157 2739 Interptes
1193 2675 1308 2726 reddidit
1337 2678 1379 2738 git

253 2779 254 2782 =
309 2753 464 2802 dlastruaeit
481 2766 581 2813 memus,
599 2747 653 2815 aa]
668 2749 737 2800 Plin.
759 2749 806 2802 lib.
845 2749 930 2800 Esaia
941 2754 982 2800 28.
995 2751 1064 2815 quod
1076 2751 1170 2802 Graue
1179 2749 1303 2812 maures
1312 2752 1379 2802 dici·

278 2841 361 2879 xvrrr.
382 2828 475 2879 Natus.
487 2827 589 2878 Hister.
604 2827 702 2882 ‘Pulte
719 2831 806 2876 autern
846 2833 897 2877 tur.
930 2827 1104 2889 Hispanorum
1114 2834 1156 2878 est
1172 2827 1272 2878 Axenus
1290 2828 1311 2876 si
1322 2827 1380 2877 An·

276 2905 599 2970 nonpanevixisselougo
619 2909 738 2966 tempore
755 2903 805 2952 Ro·
846 2901 920 2952 touio
949 2903 1114 2952 Nebrissensi
1140 2902 1204 2954 tides
1229 2905 1379 2969 Quinquug.

277 2981 553 3031 mauosmauifestunrr
573 2977 764 3045 quoniaminde
778 2983 806 3028 et
847 2993 904 3042 cap.
922 2982 964 3028 20.
982 2979 1050 3042 quod
1069 2994 1167 3041 semen,
1182 2981 1276 3045 iuquit,
1292 2981 1318 3029 iu
1336 2995 1380 3031 eo·

277 3056 450 3120 pulmentaria
460 3056 586 3119 hodieque
596 3052 742 3104 uocantur!
846 3054 906 3103 dem
916 3069 979 3118 agro
990 3070 1049 3104 oum
1060 3055 1163 3106 cumino
1174 3063 1267 3120 saturn,
1280 3065 1379 3108 utrum·

310 3137 326 3182 7
345 3134 406 3180 Cum
414 3132 555 3194 diluerem]
571 3127 613 3178 Ad
631 3135 720 3192 potum
737 3128 806 3178 scili·
847 3144 897 3194 que
909 3130 1013 3180 uberius
1030 3131 1158 3193 provenit.
1190 3133 1334 3182 Columella
1350 3135 1378 3183 in

278 3211 330 3258 eet.
846 3207 933 3256 horto:
962 3207 1138 3272 ‘Femoreque
1152 3215 1216 3260 tuuc
1235 3209 1379 3262 Coriaudro

309 3287 325 3331 8
343 3281 655 3346 Merenpiperoeqnipareas
663 3279 805 3343 gittu’nn.
847 3283 1006 3346 Nascuntur,
1021 3285 1164 3349 gracilique
1183 3285 1322 3337 melanthia
1338 3289 1378 3339 ni·

278 3358 323 3407 lib.
336 3371 397 3409 xix.
408 3373 465 3423 cap.
475 3363 501 3410 8.
515 3359 523 3386 ‘
535 3358 599 3408 Gith
611 3357 737 3420 pistrinis,
752 3357 805 3406 aui·
847 3373 894 3422 gra
912 3359 1031 3422 cymino?
1062 3359 1105 3409 Ad
1122 3375 1198 3424 quam
1212 3361 1377 3415 fertilitatem

277 3447 333 3483 sum
350 3439 378 3484 et
396 3434 517 3484 anethum
535 3432 627 3482 culinis
652 3439 678 3482 et
699 3432 806 3484 medicis
846 3435 960 3498 respexit
972 3435 1108 3499 Propheta
1118 3436 1189 3489 dicto
1203 3438 1269 3489 loco.
1285 3439 1378 3502 Despo-

277 3511 440 3561 naecuntur.’
469 3511 545 3562 Idem
567 3509 614 3560 lib.
637 3521 686 3558 xx.
714 3524 738 3558 c.
767 3513 806 3562 17.
845 3511 904 3562 eius.

277 3585 359 3634 ‘Gltlr
371 3600 403 3633 ex
415 3586 516 3635 Graecis
536 3585 579 3634 alii
589 3584 751 3636 Melenthiou
762 3585 806 3634 alii
877 3592 894 3638 9
912 3589 947 3638 Et
958 3589 1090 3651 Peltuiuee,
1107 3593 1148 3653 ire.
1166 3589 1228 3654 lese]
1242 3591 1378 3642 Pelusium

277 3659 487 3722 Melanapermon
518 3668 621 3711 vocant.
671 3659 807 3723 Optimum
847 3663 980 3727 oppidum,
996 3672 1024 3714 et
1034 3680 1111 3715 unum
1124 3681 1156 3716 ex
1168 3667 1223 3718 Nili
1234 3667 1306 3717 ostiis
1318 3682 1378 3731 sep-

278 3749 356 3797 quam
374 3734 554 3785 excitatissimi
574 3735 671 3792 odoris,
686 3741 714 3784 et
731 3749 807 3799 quem
847 3743 910 3799 tem,
936 3740 980 3788 nbi
1006 3740 1062 3790 lens
1088 3742 1187 3804 optima
1211 3743 1379 3792 nascebatur.

276 3809 453 3872 nigerrimum.
497 3809 621 3860 Medetur
646 3811 806 3874 serpentium
846 3814 920 3877 virg.
932 3815 1026 3879 Georg.
1042 3816 1087 3865 lib.
1100 3821 1122 3866 l.
1138 3817 1214 3867 ‘Nec
1232 3818 1376 3868 Pelusiacae

276 3887 359 3950 plagis
379 3893 407 3938 et
425 3885 607 3949 scorpionum?
639 3887 756 3936 Ruellius
772 3886 806 3936 de
846 3903 934 3939 euram
944 3891 1116 3953 aspernabere
1127 3892 1221 3943 lentis!

277 3963 401 4026 stirpibus
411 3962 455 4012 lib.
464 3976 507 4013 ιιι.
515 3977 537 4013 c.
545 3967 585 4013 51.
596 3963 604 3991 ‘
615 3961 677 4012 Gitlr
687 3959 805 4011 officinae
879 3970 910 4015 10
924 3967 1105 4030 Quinquegeaus
1116 3969 1186 4031 Nax]
1200 3969 1319 4033 Quinque
1329 3969 1377 4020 illa

279 4038 406 4101 Nigellam
426 4039 568 4088 Romanam
586 4038 733 4101 appellant,
745 4052 806 4086 rora
845 4042 918 4089 nucis
931 4055 1024 4104 genera
1035 4049 1096 4092 eunt
1113 4044 1181 4106 apud
1193 4043 1376 4096 Dioscoridem

278 4121 366 4162 nostre
375 4115 494 4177 po'e'erette
506 4114 579 4178 qnasi
590 4115 755 4177 pipereceam
766 4115 805 4163 di·
844 4123 872 4164 et
880 4115 1128 4181 Pliniumluglsns,
1137 4119 1271 4182 Avellane,
1280 4119 1378 4186 Amyg-

279 4196 349 4250 erint,
365 4189 434 4253 quod
456 4191 590 4240 odoratam
610 4189 708 4254 piperis
728 4190 804 4240 modo
844 4192 912 4254 dala,
922 4194 1061 4256 Castanea,
1070 4202 1099 4244 et
1110 4195 1193 4246 Pinea
1203 4209 1265 4246 nur.
