3034 4878
585 370 796 422 ronrocrrru.
1169 370 1233 437 843

144 506 198 564 tus
211 502 355 580 accedit,
371 505 520 590 naufragi
534 516 568 574 et
582 513 803 580 mendicantis
813 517 954 584 imitatu.
999 523 1231 612 Interrogatus

144 602 279 681 deinde,
295 606 371 687 quis
386 614 486 685 esset,
501 611 549 675 uit
571 633 607 676 sc
626 634 702 678 esse
717 616 905 685 Gresoium:
929 624 963 686 in
978 626 1159 712 AEgyptum
1174 652 1232 698 nu·

144 704 312 785 vigentem
326 707 470 791 Troju²⁰
491 712 596 778 tuisse
611 715 767 800 delutum.
811 723 843 787 4.
860 723 1034 789 Eumaeum
1047 733 1147 795 etiam
1157 753 1232 798 cum

143 805 316 873 affectione
331 814 550 880 moestissima
564 838 756 902 perurgere,
779 833 814 890 et
838 834 975 908 cogente
991 829 1133 914 denique
1156 855 1232 900 ves-

142 927 236 990 pero,
251 916 285 974 et
308 912 412 977 imbre
427 917 612 997 continno‚‘¹
635 925 753 1004 sagulo
768 926 930 994 amicitur.
973 929 1088 1015 Atque
1104 935 1230 1000 ibidem

141 1012 248 1076 multa
262 1032 375 1077 secum
391 1019 543 1099 volvens,
560 1024 695 1089 taudem
708 1030 864 1110 concedit
879 1031 993 1113 quieti.

139 1191 292 1256 naufragium
300 1199 364 1258 passi
379 1204 403 1248 et
414 1201 574 1252 mendicantis.
606 1206 714 1266 Rogatus
723 1215 803 1270 posteo
814 1212 919 1274 quisnam
930 1219 998 1269 esset,
1008 1215 1067 1264 dicit
1077 1232 1101 1265 se
1112 1231 1160 1266 esre
1171 1221 1228 1268 Cre·

140 1261 238 1308 tensern:
255 1259 376 1310 abeuntem
384 1265 440 1312 noui
450 1281 466 1313 a
478 1266 549 1325 'lluia
559 1270 761 1330 deneclnmfuicse
776 1275 802 1323 in
812 1277 950 1339 AEgyptum.
982 1277 1076 1328 lnotam
1085 1296 1170 1343 quoqne
1182 1285 1229 1332 Eu·

139 1335 197 1370 mco
207 1322 294 1386 affectu
303 1328 447 1389 tristissimo,
462 1335 485 1378 et
500 1345 593 1394 vespere
610 1349 638 1382 uo
655 1336 728 1384 inore
738 1338 796 1400 jugi
814 1346 921 1404 cogente,
938 1343 1038 1391 vestitur
1054 1347 1145 1409 oegroto,
1158 1357 1227 1409 atque

139 1385 227 1436 itidem
236 1403 331 1439 omsons
341 1393 414 1442 multa
424 1394 510 1458 animo,
522 1398 615 1446 tandem
625 1397 781 1453 obdormiscit.

597 1533 778 1564 mie.

140 1615 316 1668 Floridus.—2
332 1618 425 1680 Troiam
437 1621 506 1684 vulg.

630 1738 736 1789 NOTAE

170 1827 358 1889 cNarn‘gantem
371 1829 513 1895 Trnjutrn]
540 1833 662 1894 Trojare·
703 1851 731 1886 se
746 1838 884 1903 AEgyptnm
901 1842 1008 1893 subulco
1026 1856 1073 1893 suo
1091 1847 1226 1898 narratu-

138 1901 315 1965 ponitTollirrs
326 1905 407 1953 minus
418 1907 587 1974 incommode.
606 1911 662 1960 Nee
702 1913 776 1964 lixes.

137 1982 223 2027 tumen
234 1978 313 2041 Trojs
322 1979 369 2028 sed
381 1995 396 2029 e
407 1981 487 2031 Creta
497 1981 561 2046 ipse,
578 1999 661 2050 neque
701 1985 705 1997 ”
733 1989 788 2038 “Et
798 1997 892 2054 cogente
902 1993 1000 2057 denique
1012 2003 1143 2060 cuperem
1153 2000 1226 2051 imbre

138 2051 252 2102 delutum
264 2069 291 2103 se
305 2057 376 2118 quasi
393 2057 417 2105 vi
429 2059 599 2123 tempestatis,
616 2061 660 2110 sed
701 2066 820 2129 continuo]
838 2067 928 2133 Neque
939 2069 988 2119 ista
999 2073 1060 2122 sutis
1071 2077 1227 2127 conueniunt

137 2137 237 2195 sponte,
250 2139 277 2181 et
288 2131 417 2183 destinato
428 2136 562 2199 proposito
574 2138 661 2202 petiis·
701 2156 759 2191 curn
770 2143 869 2194 Groecis
880 2145 996 2196 Homeri.

394 2385 581 2434 rnnrocun
599 2385 664 2436 xv.
686 2389 875 2440 onrssnru.
905 2376 971 2440 459

226 2523 280 2588 lt¹
307 2522 553 2591 Lacedaemonius
567 2551 650 2594 nocer
661 2496 807 2595 Tritonia
825 2529 950 2597 Pullus.

179 2658 213 2723 2.
234 2657 486 2725 Telemachuse
501 2650 657 2728 Minerva
670 2685 729 2748 per
744 2668 906 2731 somnium
921 2672 1155 2744 commonetur,
1165 2668 1225 2731 do·

136 2779 224 2824 mum
239 2765 276 2824 ut
289 2761 419 2828 rediret.
462 2762 686 2848 Matureque²
708 2765 876 2848 digressus
892 2765 1007 2845 cubili,
1029 2787 1051 2830 a
1066 2766 1225 2832 Menelao

137 2864 268 2927 veniam
281 2865 478 2929 reversionis
491 2872 620 2931 exoret.
666 2865 745 2945 Qun
760 2868 899 2932 comiter
912 2866 1101 2949 impetrem,
1116 2885 1225 2950 regre-

138 2966 227 3031 ditur
241 2965 284 3030 ad
305 2987 424 3032 navem
444 2959 480 3030 in
501 2973 599 3052 portu
621 2966 721 3050 Pylio
736 2973 934 3032 manentem.
977 2966 1009 3033 3.
1031 2967 1224 3034 Pisistrato-

138 3087 204 3150 que
219 3069 261 3133 ad
277 3069 402 3149 urbem,
417 3077 520 3152 atque
535 3070 578 3133 ud
591 3075 717 3153 patrem
734 3070 900 3146 remisso‚³
916 3071 990 3154 ipse
1005 3087 1142 3152 propere
1158 3068 1226 3134 sol·

136 3171 187 3237 vit
208 3190 227 3234 e
247 3171 371 3251 littore,
403 3174 522 3238 comite
546 3171 770 3254 nunigutionis
800 3178 950 3236 assumto
978 3171 1225 3253 Theoclymeno

137 3278 213 3336 vute
229 3271 364 3356 Argivo,
380 3293 447 3339 uno
462 3295 506 3338 ex
519 3275 573 3354 iic,
586 3293 671 3357 quos
687 3272 881 3355 Melampus
896 3272 1136 3356 Amythaonis⁸
1152 3291 1224 3336 eru·

167 3459 280 3508 Minerua
292 3459 399 3509 Tritonia
410 3461 485 3510 tendit
495 3461 655 3510 adcioitatem
663 3458 813 3523 Spurinnam.
1097 3523 1100 3528 Ι
1195 3520 1201 3532 ⁸

170 3523 316 3573 Telemachus
330 3529 434 3573 monetur
443 3527 506 3574 inter
515 3525 672 3575 dormiendum
682 3540 697 3573 n
709 3525 806 3574 Pallade
816 3527 843 3573 ut
853 3529 986 3597 reuertatur
996 3527 1097 3574 domum.
1114 3587 1120 3600 ·
1134 3512 1165 3571 Et
1173 3521 1224 3596 dss-

135 3587 218 3636 cedens
227 3589 341 3638 matutine
350 3604 363 3638 e
371 3591 439 3652 letto,
448 3595 517 3651 rogat
527 3589 660 3640 Menelaum
670 3589 813 3649 facultatem
822 3591 977 3666 regrediendi.
1012 3591 1065 3664 Quo
1075 3581 1225 3661 nlsflbemgne

135 3665 249 3710 concesso,
256 3654 319 3702 redit
328 3655 359 3701 ad
367 3661 507 3717 nucemque
518 3657 659 3704 renumerat
667 3654 692 3702 in
702 3656 780 3704 naroli
786 3653 852 3702 ortu
860 3655 928 3716 Pylo.
946 3656 981 3702 Et
991 3665 1085 3701 remorso
1099 3652 1224 3698 Pisistrato

136 3716 167 3762 ad
177 3716 256 3766 urlem
268 3717 352 3782 Pylum
362 3723 384 3766 et
394 3721 425 3767 ad
433 3725 523 3780 putrem
536 3720 667 3777 Nestorem,
678 3718 728 3781 ipse
733 3717 878 3777 festinanter
885 3733 898 3766 e
905 3723 975 3793 portu
983 3714 1147 3779 proficiscitur,
1157 3715 1224 3784 ωρῐο

136 3793 214 3829 secum
223 3783 283 3832 socio
293 3783 452 3844 nauigationis
462 3783 626 3848 Tlreoclymeno
636 3789 689 3831 uate
700 3782 801 3845 Argiuo,
814 3797 859 3831 uno
869 3797 899 3831 ee
910 3796 942 3829 ns
951 3795 1010 3842 puos
1019 3780 1150 3841 Melampus
1154 3775 1225 3840 filule

593 3925 773 3948 &ceetomone

130 4036 133 4042 “
170 4031 184 4074 1
201 4025 361 4076 ‘Accnrslns
371 4027 518 4090 suspicatur
533 4026 573 4076 Ad
607 4042 635 4076 ro
653 4028 678 4076 lt
689 4025 834 4090 legendnm.
857 4022 956 4072 Tollius
967 4022 1001 4098 At
1013 4033 1137 4095 suspenso
1148 4033 1224 4068 sensu

136 4097 165 4140 et
175 4091 280 4140 verbnm
292 4098 455 4154 expectante.
482 4085 534 4141 eeu
545 4092 606 4140 nihil
617 4105 723 4140 necesse
742 4099 784 4166 est
794 4087 910 4138 nurture?
929 4087 1094 4160 litandum-32
1111 4073 1154 4132 Sic
1172 4082 1223 4159 ¹Ac·

136 4155 245 4215 cnrsins,
255 4169 311 4218 pro,
321 4156 521 4218 Metumque-3
535 4157 543 4182 ⁴
554 4157 597 4206 Sic
609 4157 707 4219 optime
718 4155 826 4213 Tollius,
836 4167 892 4216 pro,
903 4156 975 4227 atque
981 4152 1012 4199 ad
1019 4153 1223 4223 patmamuemuso.

140 4218 201 4268 Urls
211 4220 280 4270 sulm
291 4225 319 4269 st
327 4221 417 4284 patria,
427 4220 505 4270 idem.
530 4221 594 4270 'lum
605 4221 686 4270 emisso
698 4218 785 4270 melius
795 4217 858 4268 feros
870 4223 1004 4268 conveniat
1016 4223 1060 4265 sut
1071 4226 1138 4276 cant,
1148 4224 1223 4276 quom
