3016 4894
580 335 838 383 ncnnonnruu.
1190 317 1254 380 647

156 479 350 546 Archemori
365 477 528 544 Nemeaea
544 479 657 543 colant
671 479 826 542 funebria
839 476 978 542 Thebee.

156 643 341 757 {seruientia
355 643 494 692 reomau.
529 642 612 692 rnre
623 641 738 691 eunoun
749 642 816 690 runs
825 640 939 701 fanum
955 624 1095 690 arenula·
1106 639 1148 690 ur
1158 639 1252 690 nun

187 723 330 758 emmonim.

655 783 760 834 NOTAE

155 913 220 948 snm.
243 898 355 948 Flebant
365 898 433 947 eninr
445 897 552 946 Isthmia
564 898 595 946 ad
608 897 684 944 maris
725 902 765 944 tes
776 895 860 944 dictus
871 893 964 954 lufaus,
975 894 1087 958 Lycurgi
1096 893 1203 944 Nemeae
1213 909 1254 945 re·

153 973 230 1023 littus
240 971 308 1037 qnod
320 971 419 1022 Graecis
430 970 498 1033 bah,
508 971 576 1019 nude
588 972 595 998 ‘
606 969 683 1032 ecla,’
726 972 766 1034 gis
780 969 858 1032 filius,
872 970 905 1018 ab
914 969 1062 1034 Hypsipyle
1072 969 1183 1032 nutrice,
1191 969 1252 1020 dusn

155 1063 214 1113 qnae
237 1062 287 1097 vox
306 1046 403 1110 legitur
425 1048 502 1096 etiarn
525 1045 591 1107 apud
611 1046 683 1108 Virg.
726 1046 841 1108 Achivis,
857 1047 902 1110 qui
923 1046 954 1094 ad
972 1045 1119 1095 Thebarum
1141 1046 1253 1097 obsidio·

153 1121 354 1174 lib.v.AEneid.
385 1120 423 1171 At
434 1121 613 1184 cujuscodicis
625 1135 684 1169 aue·
725 1135 784 1170 nenr
824 1120 1062 1185 proficiscebantur,
1104 1121 1252 1172 sitientibus

154 1198 264 1248 toritate
284 1197 322 1246 sic
348 1197 495 1260 reposuerit
521 1209 570 1244 uon
596 1196 684 1259 liquet.
725 1198 955 1262 Langiamfontenr
968 1199 1253 1262 ostenderet,ieberba

154 1275 221 1324 Erat
242 1273 309 1323 enim
330 1271 357 1320 in
384 1271 542 1320 membranis
563 1268 683 1333 Lugdun.
725 1274 866 1338 depositus,
890 1273 1018 1337 serpentia
1038 1288 1123 1323 monn
1142 1274 1253 1328 interiit.

153 1348 286 1412 mendose,
297 1347 376 1398 dicatu
390 1347 525 1409 Corinthos,
542 1345 611 1394 unde
626 1360 683 1409 pro·
724 1349 761 1398 At
784 1348 873 1398 Achai
893 1349 1032 1412 principes,
1056 1349 1172 1400 Manium
1194 1352 1251 1415 ejus

154 1425 276 1476 habiliter
307 1423 369 1473 satis
396 1423 549 1478 restituebat
572 1423 683 1471 Vinetus
723 1425 908 1488 placandoruru
928 1441 1015 1490 causa,
1033 1426 1107 1477 ludos
1131 1429 1156 1478 si
1179 1427 1253 1480 fune·

152 1503 218 1552 dicut
234 1503 285 1551 ulto
309 1500 442 1563 Corinthos,
458 1501 501 1548 vel
524 1501 588 1548 dicat
607 1499 682 1548 Acro-
724 1500 783 1550 hres
800 1501 979 1564 instituerunt,
995 1503 1146 1568 Nemeaqne
1162 1506 1251 1570 appel·

152 1577 282 1639 cerinthos,
302 1573 353 1638 (sic
365 1575 483 1625 Corinthi
494 1589 580 1624 arcem
592 1577 682 1638 appel·
723 1578 818 1627 larunt.
851 1578 886 1628 Et
904 1577 961 1627 fons
980 1578 1034 1638 ills,
1050 1593 1081 1629 ae
1102 1578 1197 1631 fluvius
1217 1582 1251 1632 ab

153 1649 267 1716 labant.)
300 1651 411 1701 Bimaris
429 1651 471 1700 bic
491 1651 628 1701 Corinthus
645 1650 682 1699 di·
722 1665 753 1701 eo
763 1665 867 1703 manans
878 1651 963 1702 dictus
974 1658 1014 1701 est
1022 1652 1207 1717 Archemorus,
1221 1663 1253 1706 nt

152 1729 232 1788 citur,
244 1735 274 1778 nt
283 1728 352 1792 apud
369 1727 463 1777 Horat.
478 1728 529 1778 Od.
541 1741 593 1777 rrr.
604 1727 650 1778 lib.
661 1743 682 1778 1.
722 1741 755 1776 ex
778 1725 947 1790 Apollodoro,
968 1728 1085 1792 Hygino,
1112 1735 1140 1779 et
1166 1731 1251 1782 Statio

152 1805 214 1868 quia
226 1804 294 1852 inter
314 1803 378 1852 duos
398 1803 477 1864 sinus,
494 1801 638 1852 Cirrhaeurn
655 1809 682 1853 et
722 1802 825 1854 discere
838 1810 887 1853 est.
920 1805 1081 1855 Sunttarnen
1095 1807 1139 1870 qui
1150 1809 1251 1870 lliernea

152 1879 312 1941 Saronicum,
329 1879 355 1927 ln
366 1878 452 1929 medio
470 1877 569 1928 Isthmo
589 1879 682 1942 posita,
721 1879 747 1926 iu
758 1879 882 1928 honorem
892 1879 1014 1930 Herculis
1024 1879 1142 1931 instituta
1150 1881 1250 1938 dicant,

152 1955 277 2005 ednnbns
286 1953 419 2018 portubus,
434 1953 574 2003 Cenchreis
590 1961 618 2004 et
634 1955 681 2004 Le·
720 1951 927 2003 obinterfectnm
945 1955 977 2004 ab
995 1970 1026 2005 eo
1044 1957 1150 2005 Nemeae
1170 1958 1250 2020 sylvas

152 2030 579 2094 cheo,in10niumetAEgaeurn
601 2031 682 2080 maria
721 2030 843 2079 Leonem.
875 2029 944 2082 Quin
964 2031 1078 2081 etinfra
1095 2033 1192 2082 Noster
1208 2047 1252 2084 eo·

152 2109 334 2159 navesmillit.
721 2118 777 2153 rum
799 2111 929 2156 auctorem
951 2105 1018 2157 facit
1041 2107 1125 2172 ipsnrn
1147 2109 1249 2160 Hercu·

185 2188 201 2233 l
217 2183 365 2247 Archemori,
373 2183 429 2248 ire]
439 2181 491 2232 Hic
499 2183 577 2232 etiarn
585 2181 682 2247 Ophel·
722 2182 782 2230 lem.

389 2444 438 2490 nn
462 2443 704 2493 nucherinus
728 2443 900 2491 noouuu.
950 2426 1015 2492 388

152 2579 305 2641 Parnes
321 2576 531 2661 Olympiacae
547 2579 696 2643 sacravit
709 2579 797 2642 festa
811 2597 943 2643 coronae

152 2679 289 2762 Jupiter
303 2675 422 2760 Argivi
438 2679 547 2743 stadie
562 2679 604 2742 ad
621 2679 816 2760 longissima
831 2678 930 2742 Circi.

151 2781 331 2846 Proximus
345 2779 486 2844 Alcides
501 2780 640 2844 Nemeae
657 2781 803 2844 sacravit
816 2779 985 2842 honorem.

181 2965 279 3028 Jupiter
287 2965 377 3028 primns
388 2963 493 3014 instituit
509 2921 711 3028 odlongirsirnnm
720 2963 823 3012 modium
843 2963 910 3011 Circi
924 2961 1015 3024 Argiui
1025 2961 1153 3009 conamina
1167 2961 1249 3024 Olym·

147 3029 225 3090 ruoeoe
232 3031 330 3094 palme.
344 3030 403 3079 Post
410 3043 461 3079 cunr
471 3029 589 3098 Herulus
599 3028 743 3078 conncrcoil
753 3029 820 3076 ludos
831 3027 959 3076 Nemeseos.
976 3027 1015 3075 Eu
1024 3040 1110 3088 pugne
1119 3026 1249 3075 conamina

182 3267 314 3331 2Argioir
324 3271 401 3334 Vulg.
627 3295 629 3299 ·

645 3351 752 3402 NOTAE

180 3468 197 3512 2
208 3461 318 3526 Jupiter]
328 3464 368 3513 De
380 3463 561 3528 Olympiorum
573 3472 679 3515 auclore
719 3464 757 3514 At
767 3476 827 3514 cunr
837 3464 855 3513 ii
866 3469 1010 3514 ceterorum
1029 3461 1159 3512 hominum
1179 3462 1251 3525 pedi·

148 3540 215 3588 mlra
235 3539 355 3590 varietas.
389 3538 442 3589 Alii
463 3541 555 3592 Jorern
580 3541 680 3590 iaciunt
719 3540 868 3591 busesseut
886 3540 1024 3603 longiores,
1040 3539 1152 3588 stadium
1171 3538 1249 3586 etiam

79 3670 82 3673 ,
148 3628 237 3664 eorrun
248 3621 391 3674 auctorem,
408 3615 451 3665 alii
468 3616 618 3678 Herculem,
636 3617 681 3666 alii
719 3617 783 3666 illud
795 3617 891 3666 ceteris
907 3617 1008 3679 stadiis,
1028 3615 1119 3680 quibus
1131 3614 1249 3664 sexcenti

148 3689 222 3738 alios.
256 3688 416 3739 Instauravit
428 3698 501 3741 certe
513 3706 556 3741 eos
566 3692 680 3756 Iphitus,
722 3708 825 3758 qrroque
844 3693 974 3744 homiuum
993 3691 1074 3755 pedes
1093 3696 1177 3753 eraut,
1193 3691 1251 3738 lou-

147 3780 164 3813 1
175 3765 249 3828 cujus
261 3771 379 3827 tempore
396 3768 526 3816 numerari
546 3768 680 3831 Olympia·
721 3771 777 3835 gius
788 3768 846 3820 t‘nit.
879 3769 967 3831 Unde,
981 3768 1173 3830 comparatione
1181 3764 1251 3814 illius

149 3841 351 3903 memmium·
721 3860 779 3895 curu
808 3837 874 3907 aliis,
896 3843 1020 3892 Herculis
1046 3840 1250 3904 magnitudinem

179 3915 266 3964 Studia
277 3918 308 3965 usl
318 3917 465 3980 longissimo]
482 3917 548 3968 Aliis
568 3917 680 3970 Graeciae
721 3920 864 3983 conjecisse
876 3918 1051 3982 Pythagoram
1065 3931 1097 3966 ex
1109 3914 1250 3964 Plutarcho

148 3990 240 4039 stadiis
261 3991 400 4052 longiora„
423 3992 515 4042 Circus
540 3994 609 4044 enirn
636 3996 680 4044 ille
721 3995 803 4045 refert
814 3989 1183 4044 A.GelliusNoct.'Attic.l.r.
1192 3993 1250 4039 c.1.

149 4079 196 4113 aen
206 4065 318 4113 stadium
330 4065 439 4128 Eleum,
455 4067 486 4116 ab
498 4068 614 4119 Hercule
629 4085 681 4120 rne-
753 4075 768 4120 3
784 4070 882 4120 Alcides
897 4071 1004 4132 Nonne,
1021 4065 1075 4129 hc]
1090 4065 1171 4116 Juxta
1188 4079 1251 4130 quu-

148 4146 241 4203 tatum,
255 4147 394 4191 sexcentos
407 4143 462 4206 ejus
479 4143 572 4194 habuit
591 4146 680 4210 pedes.
720 4146 827 4198 rundanr
838 4148 994 4210 opinionem,
1010 4142 1064 4210 qni,
1080 4148 1110 4191 ut
1124 4142 1179 4206 jam
1196 4155 1250 4192 rnu-
