3000 4882
594 346 790 396 urrsroem.
1164 332 1229 398 727

147 488 281 556 videare
294 493 483 565 assecutus,
506 489 596 571 quod
612 494 726 555 contra
739 509 844 554 rerum
868 495 1017 555 naturam
1041 495 1100 569 est,
1121 491 1228 556 brevi-
1308 541 1311 552 .

146 597 201 656 tas
221 597 261 654 ut
278 591 420 656 obseura
442 611 507 656 uon
531 597 644 656 easet.e
687 591 739 656 13.
761 591 802 654 lu
825 591 878 654 his
903 592 1055 656 versibus
1077 601 1139 674 ego
1161 591 1228 656 ista

147 709 309 772 cognom:

146 819 380 905 Europamque
395 801 581 905 dariamque
596 823 662 888 duo
676 825 730 912 vel
746 823 893 887 maxima
907 829 1001 888 terrae

146 920 316 986 Membra:
341 923 461 1005 quibus
475 924 617 1008 Libyam
630 924 728 989 dubie
743 925 919 989 Sallustius
935 925 1040 1004 addit,
1184 927 1227 990 14

144 1021 290 1105 Europae
305 1023 508 1108 adjunctam:
531 1027 639 1106 possit
654 1045 726 1089 cum
742 1026 839 1089 tertia
854 1025 939 1099 dici:
1184 1030 1227 1092 15

60 1139 61 1142 ’
146 1119 318 1204 Reguatas
332 1124 456 1202 multia,
478 1144 564 1208 quos
578 1125 667 1189 fama
682 1123 846 1203 obliterat,
859 1115 903 1189 'et
918 1145 1004 1209 quos

145 1223 299 1288 Barbara
313 1223 477 1290 Romanae
491 1246 556 1289 nou
571 1227 704 1292 tradunt
714 1229 845 1290 nomina
858 1227 991 1309 linguae,

143 1323 337 1402 Illibanum,
354 1323 598 1407 Numidamque
613 1326 756 1405 Avelim,
772 1327 996 1410 Parthumque
1010 1327 1199 1407 Vononem,

143 1425 189 1490 Et
203 1425 376 1503 Caranum,
391 1425 518 1490 Pellaea
531 1427 622 1492 dedit
637 1430 692 1510 qui
707 1429 840 1493 nomina
853 1448 975 1512 regum.
1220 1441 1222 1450 ’

144 1523 283 1610 Quique
298 1526 419 1609 Magos
435 1527 548 1592 docuit
563 1533 718 1611 mysteria
732 1551 819 1595 vana
833 1530 1025 1612 Necepsus:
1182 1531 1225 1594 20

141 1627 187 1692 Et
200 1628 259 1711 qui
273 1628 418 1710 regnavit
432 1629 501 1692 siue
516 1632 649 1694 nomine
664 1651 744 1694 mox
758 1632 953 1694 Sesoostris.

139 1787 201 1836 mili
210 1789 442 1852 oideordrperseeieae
451 1792 487 1853 id,
495 1796 555 1856 quod
564 1800 654 1856 pumat
664 1799 754 1844 notura
761 1810 847 1853 reram,
855 1801 881 1844 at
889 1797 990 1846 meritae
1000 1811 1045 1845 aon
1053 1801 1111 1845 earet
1120 1795 1224 1844 oboram.

141 1851 197 1926 ligo
208 1853 256 1903 aaa
266 1855 339 1903 didici
349 1856 375 1904 in
385 1856 439 1905 irtio
449 1859 602 1906 carminibus:
620 1860 736 1921 Europum
751 1865 774 1908 et
784 1860 865 1910 Arium
879 1863 937 1909 duaa
953 1867 1023 1909 terrra
1036 1865 1116 1922 parter
1130 1858 1224 1922 amplio-

137 1929 221 1975 aomua,
230 1917 313 1979 quibua
323 1917 448 1968 Sollertiae
458 1921 593 1970 dubitanter
602 1923 710 1982 adiungit
722 1924 835 1984 Africam,
846 1926 950 1973 additum
962 1925 1074 1986 Earopoer
1092 1937 1143 1972 ctrm
1151 1921 1225 1984 poerit

139 1981 254 2042 repedari
265 1983 337 2030 tertio
345 1997 403 2044 pora
412 1984 489 2034 ordia:
507 2001 558 2048 quoe
567 1990 646 2048 portet
654 1986 716 2034 ordia
725 1989 809 2036 multoe
819 1987 948 2036 babuerunt
957 2000 1033 2048 reges,
1049 2001 1144 2050 quoram
1154 1985 1224 2044 sm

137 2044 242 2106 matt,
258 2050 281 2093 et
291 2060 347 2108 quoa
356 2047 449 2096 nomino
459 2063 537 2097 eorum
548 2049 649 2098 barbaro
658 2065 704 2098 non
712 2051 792 2098 adnuat
802 2051 926 2099 memorari
935 2051 1016 2112 lingua
1026 2049 1122 2112 utino,
1132 2053 1159 2098 ut
1170 2048 1224 2098 Illi·⁴

138 2105 232 2169 domm,
247 2112 271 2157 et
281 2109 373 2158 Avelim
384 2109 505 2160 Numidica
514 2127 601 2174 regen,
612 2117 636 2161 et
650 2113 765 2161 Vononem
778 2115 931 2173 Parthorum,
939 2120 962 2162 et
975 2115 1101 2174 Coronam,
1115 2111 1157 2176 qui
1169 2125 1225 2174 pro·

136 2173 222 2229 genuit
233 2173 299 2233 regor
310 2174 480 2225 Macedonicos.
512 2177 547 2224 Et
558 2177 696 2238 Nemorum,
712 2177 753 2238 qui
763 2179 842 2226 docuit
856 2179 944 2238 Magoa
961 2177 1042 2227 inania
1059 2176 1183 2241 mysterio:
1199 2180 1223 2223 et
1291 2177 1294 2188 '

138 2229 274 2300 Semnan,
289 2237 354 2297 cador
363 2253 461 2300 regnum
470 2240 553 2288 atatim
562 2243 613 2302 port
623 2240 698 2303 iprum
708 2242 759 2290 aine
768 2241 910 2302 gloriufoa't.

136 2472 206 2523 rimie
213 2475 243 2524 de
251 2474 345 2538 regn'dm
354 2491 384 2526 ee
396 2476 530 2541 Tranquillo
541 2477 713 2527 collectim-2⁰
726 2477 785 2530 Alia
795 2478 962 2542 exemplaria,
973 2477 1103 2541 Noebepu':
1113 2476 1223 2526 Vinetur

623 2608 728 2668 NOTAE
759 2650 761 2654 .

169 2697 305 2748 eBreviter
314 2705 340 2749 at
351 2700 447 2752 obseura
456 2705 579 2768 mearet]
595 2705 659 2754 Cou-
701 2712 728 2754 et
740 2705 827 2753 Liviae
842 2704 888 2752 lib.
900 2717 962 2752 xer.
993 2701 1132 2750 Macedoni
1151 2700 1221 2748 Deu-

135 2775 255 2824 trebana
267 2775 370 2825 Horatii
387 2779 541 2828 senteutiam
558 2780 583 2827 lo
594 2779 659 2828 Arte
699 2778 804 2827 callonia
814 2777 867 2826 filio
878 2775 1032 2826 successisse
1049 2776 1074 2824 iu
1086 2789 1165 2838 reguo
1176 2775 1221 2835 Sq-

136 2848 263 2900 Paetina:
283 2851 394 2900 ‘Brevia
412 2867 468 2903 eme
487 2853 584 2916 laboro,
603 2854 658 2906 Ob·
698 2854 766 2902 liuua
777 2861 867 2903 auctor
878 2858 918 2900 eat
933 2852 959 2898 iu
976 2850 1148 2914 Polybiatore.
1180 2850 1222 2898 Ex

136 2923 291 2975 scurnum:
698 2929 772 2990 bujua
798 2926 909 2989 porteris
931 2924 1005 2974 luere
1032 2923 1166 2988 Philippus
1194 2931 1221 2973 et

170 3004 201 3048 ll
224 3000 312 3056 Quidue
329 3001 429 3066 Libyam
446 3001 515 3052 dubie
533 3003 659 3053 Sallustius
698 3001 857 3061 Alexander,
878 3001 953 3049 Pella
974 2999 1135 3048 Macedonia
1156 2999 1221 3049 urbe

134 3074 214 3138 addit]
232 3076 264 3125 lu
283 3077 314 3126 de
334 3077 658 3142 belroJugurthino:·1n
698 3077 807 3126 oriundi.
839 3076 897 3126 Hoc
916 3073 1060 3138 significare
1073 3073 1127 3122 vult
1138 3072 1221 3124 Aaou·

134 3151 262 3201 divisione
269 3153 337 3203 orbla
344 3160 420 3203 terrra
429 3155 543 3217 plerique
551 3156 575 3202 in
584 3160 657 3218 parte
697 3153 754 3200 uiua
766 3166 822 3201 curu
834 3151 887 3200 ait:
904 3151 1021 3200 ‘Pellaea
1031 3148 1104 3199 dedit
1114 3149 1157 3214 qui
1176 3164 1222 3199 uo·

134 3225 340 3279 tertiaAfricam
353 3229 424 3294 [hae
440 3237 481 3278 eet
494 3229 587 3292 Libye]
612 3245 657 3293 po·
677 3231 680 3236 “
697 3231 764 3278 mlua
775 3226 879 3292 regum!

134 3317 221 3356 auare.
253 3304 334 3355 Pauci
348 3306 523 3355 tautummodo
533 3307 620 3356 Aulam
631 3313 659 3357 et
730 3309 761 3352 2⁰
779 3302 907 3366 Necepau]
923 3301 1027 3374 AEgypti
1037 3315 1093 3362 rex,
1104 3300 1220 3352 Astrolo-

133 3381 266 3444 Europ'am
283 3395 349 3439 ease,
366 3381 411 3430 aed
428 3380 543 3431 Africam
562 3381 589 3430 iu
607 3382 658 3430 Eu·
698 3381 746 3443 gia
757 3380 933 3442 peritissimus,
950 3385 981 3438 et
994 3378 1103 3441 Magiae;
1119 3377 1152 3427 de
1169 3392 1221 3441 quo

133 3454 217 3518 ropa.’
696 3456 750 3506 Jnl.
762 3455 888 3503 Firmium
898 3453 941 3504 lib.
950 3468 1014 3504 vrrr.
1026 3455 1161 3518 Necepsos
1170 3453 1221 3502 lm·

168 3533 200 3578 18
217 3530 354 3593 Illibanum]
371 3531 468 3594 Regem
480 3531 588 3595 aliquem
599 3531 657 3580 bar·
698 3537 800 3594 perator
805 3531 963 3593 justissimae
972 3529 1087 3594 AEgyptl‚
1095 3536 1123 3578 et
1130 3529 1220 3578 Astro-

131 3605 225 3654 barum
239 3605 380 3665 eruditiore,
397 3607 430 3655 de
448 3621 498 3671 quo
517 3607 579 3656 nibil
595 3607 657 3656 alibi
697 3607 769 3669 logor
780 3606 855 3654 valde
864 3606 1010 3670 bonua,per
1020 3605 1090 3668 ipsos
1100 3606 1220 3654 Deeauoa

131 3681 246 3744 reperio,
278 3682 487 3746 quemadmodum
514 3696 597 3746 neque
624 3684 657 3733 de
697 3679 1217 3750 omniaviriavaleaminesquecolregit„

130 3758 212 3808 Aveli
222 3757 340 3808 Numida.
728 3762 758 3806 21
771 3756 829 3806 Sine
839 3757 931 3805 aomina
940 3770 995 3804 mox
1005 3753 1143 3816 Samaria]
1162 3753 1219 3802 Sta·

165 3833 324 3897 Porlbamqae
339 3834 465 3897 Vononem]
489 3832 529 3880 De
540 3833 586 3882 boc
598 3833 656 3882 ride
697 3833 743 3882 tim
755 3840 811 3896 poet
830 3837 937 3879 mortem
949 3842 1119 3879 successorem
1129 3826 1219 3875 babuit

129 3908 234 3959 initium
245 3909 304 3958 libri
316 3924 346 3959 ιι.
359 3909 494 3958 Annalium
506 3909 598 3958 Taciti.
650 3965 652 3976 Ι
696 3909 788 3957 nullius
809 3906 883 3955 fama
903 3920 933 3956 ac
950 3904 1070 3964 uomiuia,
1087 3916 1143 3952 eom
1162 3901 1217 3963 ipae

167 3989 199 4033 19
223 3985 258 4033 Et
286 3984 416 4047 Coronam]
442 3985 483 4033 Ex
510 3983 657 4034 Heraclidis
696 3984 782 4033 orbem
794 3987 920 4030 terrarum
929 3981 1091 4052 peragrasset
1099 3974 1219 4026 victoriis.

129 4073 220 4120 unum,
238 4061 431 4124 quamprimum
444 4061 604 4110 Macedonia
617 4075 657 4109 re·
695 4060 736 4110 De
747 4062 795 4110 boo
804 4058 914 4108 Sesostri
926 4055 984 4105 vide
992 4052 1119 4103 Herodot.
1131 4051 1175 4102 lib.
1184 4063 1216 4102 11.

129 4151 191 4201 geru
209 4135 288 4186 fuisse
306 4137 412 4186 tradunt
422 4136 540 4187 Juatiuua
550 4131 594 4186 lib.
606 4135 655 4186 vir.
