2998 4884
538 365 715 418 anisnis.

83 509 154 590 Sed
168 507 323 574 Citheron
337 509 459 574 totiens
473 515 584 574 ternas
600 525 644 575 ex
659 529 725 576 scre
740 503 887 574 sacravit

82 610 260 692 Religione
274 616 415 692 patrum,
431 608 486 693 qni
501 629 563 674 sex
578 609 745 693 sprevisse
761 609 927 673 timebant.

79 783 213 834 satiasses
227 783 498 849 ssssnsisstigimss
512 741 907 848 pctm‚qstserelsstsrsesss
916 779 965 832 illis
978 777 1083 840 rouen.
1107 779 1171 831 rasi

541 938 719 960 oum

77 1053 210 1103 niu-ss
227 1052 270 1101 Sic
291 1051 438 1101 Parisieuse
458 1063 561 1112 novum,
580 1058 608 1102 et
630 1050 803 1116 lugdunense
824 1057 898 1100 setas
915 1050 1054 1114 exemplar.
1087 1048 1170 1099 Aldus

77 1117 224 1178 Manutius,
249 1116 298 1165 uod
310 1115 405 1165 Silvius
414 1115 521 1176 monuit,
530 1115 627 1164 edidit:
645 1115 757 1165 sanauit
766 1117 852 1164 totiens
861 1120 940 1164 tunsa
948 1129 978 1165 ec
986 1127 1032 1162 aere
1039 1114 1169 1162 cinerosi

76 1179 211 1256 EtLilius
224 1129 354 1242 (lyrarum
373 1180 399 1228 ln
416 1179 501 1242 priore
517 1179 597 1242 syon
616 1186 685 1230 mate
702 1179 734 1228 de
751 1179 832 1227 Musis
850 1178 1012 1242 castigabat:
1027 1175 1170 1252 Ssticyos

75 1248 165 1292 tatem
180 1248 262 1292 tosus
278 1257 309 1292 es
327 1257 374 1292 oers
389 1243 564 1292 suanm-8⁸
579 1193 628 1292 ‘fu
644 1243 725 1292 veteri
735 1241 802 1291 libro
813 1242 922 1305 legitur:
941 1242 983 1304 qui
992 1255 1035 1291 sex
1043 1239 1170 1304 prebuisse

75 1307 213 1356 siaetass:
228 1306 362 1368 mendose,
374 1313 404 1355 ut
415 1311 533 1370 apparet.
568 1306 625 1369 Ego
640 1306 714 1370 lego:
730 1305 869 1371 premisse!
884 1305 1017 1369 Scaliger:
1037 1303 1088 1355 Qui
1099 1309 1168 1367 post-

75 1383 106 1419 es
117 1370 230 1434 margini
245 1369 286 1418 sui
302 1368 362 1418 libri
380 1369 554 1433 ascripserat:
572 1371 613 1432 qui
628 1371 794 1433 uusprsuisse
804 1368 927 1419 timebunt.
963 1369 998 1417 Et
1016 1367 1053 1416 sic
1063 1367 1168 1416 omniuo

73 1433 217 1496 legendum
242 1441 331 1482 monet
351 1431 478 1482 Floridus.
521 1432 604 1482 ‘Cum
623 1433 735 1482 lodocus
758 1433 855 1482 Badius
877 1445 987 1496 pruses
1003 1432 1124 1494 merim,
1143 1443 1169 1478 ss

72 1492 1169 1626 urgelitanensistecitrsrnistrsrtntnstt·

813 1594 820 1610 s
1027 1592 1035 1622 2
1157 1582 1168 1597 ⁶

572 1702 677 1753 Nom

72 1813 227 1864 desiderare
247 1812 357 1864 Puitarn
375 1814 458 1878 ipsum
477 1814 603 1879 iuterpre·
642 1814 833 1879 perstitionum,
850 1815 892 1880 qni
911 1826 1003 1864 noveru
1022 1812 1111 1862 Musas
1121 1807 1168 1861 Jo-

72 1896 136 1940 teur.
170 1887 309 1938 Ternarins
328 1887 461 1946 Musarum
482 1901 602 1938 numerus
642 1890 681 1940 sis
694 1897 723 1940 ot
741 1890 874 1940 Memoriae
885 1888 952 1938 filias
963 1902 1019 1937 essa
1030 1886 1168 1935 finxerunt.

71 1964 135 2015 nihil
154 1962 236 2012 habet
253 1961 320 2028 qaod
339 1963 469 2026 negotium
479 1961 601 2013 facessat.
642 1965 904 2030 ReteliitVarro‚quo
911 1963 998 2013 nescio
1005 1969 1090 2012 utrum
1097 1959 1167 2024 apud

12 2075 13 2080 η
69 2040 196 2089 Sectam
207 2036 333 2087 Ausonius
351 2037 493 2101 recondita,
511 2043 602 2100 utpote
641 2054 687 2090 eos
705 2040 837 2105 qnisquam
856 2039 947 2088 talium
963 2034 1168 2096 rerumdoctior,

70 2113 115 2179 qni
135 2112 268 2176 Griphuur
286 2111 392 2162 scribut.
431 2111 603 2162 Consentiunt
642 2115 685 2164 vel
696 2114 821 2165 curiosior
831 2127 889 2164 asse
900 2113 989 2177 possit.
1014 2110 1088 2160 Dicit
1098 2109 1166 2159 enisa

70 2190 140 2239 euim
167 2194 272 2237 veteres
295 2186 385 2237 Po'e‘tss
411 2187 445 2236 de
465 2185 603 2236 novennio
642 2191 774 2240 civitatem
785 2189 871 2240 nescio
882 2203 959 2255 quarn
976 2185 1036 2252 (nac
1046 2185 1115 2235 eninr
1126 2197 1166 2234 re-

69 2265 208 2314 Musarum
220 2276 334 2314 numero.
368 2261 437 2312 Vide
447 2261 603 2327 quaeadea·
642 2266 698 2315 colo
715 2263 830 2328 nomeu)'
846 2263 1016 2328 repetendum
1027 2275 1059 2311 ex
1069 2260 1167 2310 Pansa·
1256 2293 1263 2306 e

69 2353 128 2390 rum
140 2339 260 2400 invente,
279 2336 366 2400 Edyll.
378 2349 429 2387 xx.
439 2343 602 2388 annotamus.
641 2339 685 2388 nia
697 2341 812 2390 ‘locasse
823 2339 892 2402 apud
904 2344 958 2387 tres
969 2335 1083 2387 artifices
1093 2341 1167 2386 terna

153 2413 204 2463 Sed
221 2412 333 2462 carten
350 2411 533 2475 todmtersos,
548 2409 602 2475 tn]
642 2415 778 2464 simulacra
787 2415 930 2474 Musarum,
947 2426 1004 2476 quse
1022 2413 1050 2460 in
1069 2411 1168 2473 templo

69 2491 166 2541 Graece
189 2497 277 2538 tamen
299 2487 410 2552 Κιθαιρὼν
430 2502 481 2538 non
503 2486 602 2551 Κιθερὸν
641 2489 768 2552 Apollinis
785 2489 853 2538 dono
869 2495 994 2552 poneret:
1011 2493 1042 2537 ut
1059 2487 1166 2552 quisque

68 2565 278 2616 scribiturnruns
293 2563 468 2614 iileBoeotire.
498 2561 600 2626 Sedlp·
641 2564 768 2615 artificum
789 2565 933 2628 pulchriora
958 2563 1106 2623 formasset,
1132 2562 1166 2611 ab

68 2641 202 2708 turpantes
217 2643 286 2692 illins
307 2656 395 2706 parom
406 2642 536 2692 studiosus
548 2642 600 2690 Au·
640 2641 684 2690 illo
695 2639 856 2704 potissimum
867 2646 974 2689 erueret
1001 2638 1094 2701 Itaque
1105 2649 1166 2686 con·

67 2721 158 2769 sunius
175 2719 294 2768 similiter
313 2719 487 2782 clytemnestra
497 2716 602 2780 scripsit
640 2714 861 2778 tigisseueopsra
870 2728 916 2762 sna
925 2713 962 2763 illi
970 2709 1082 2761 artifices
1091 2724 1165 2774 aeqne

66 2809 116 2859 pro
136 2795 319 2858 Clytoessssmu
335 2806 350 2841 a
369 2793 463 2843 Groeco
481 2791 600 2852 linerolu-
639 2788 747 2851 pulchra
757 2787 936 2851 explicarents
953 2791 981 2834 ct
992 2785 1118 2848 placuisse
1129 2783 1165 2832 ci·

67 2871 200 2934 marpesia
211 2868 352 2918 Heroibns:
364 2868 517 2918 ‘Vindicem
529 2868 601 2917 adul·
638 2863 715 2913 vitati
736 2876 824 2912 omues
844 2873 954 2910 norem:
979 2866 1058 2921 atquc
1079 2869 1166 2906 omnes

67 2947 132 2996 terii
143 2959 204 2994 nuru
216 2944 408 3006 clytemnestra
419 2943 515 2994 necet.'
546 2943 600 2992 'l'er
639 2947 722 2989 emtas
740 2953 805 2999 esse,
830 2942 859 2984 nt
879 2936 905 2984 in
923 2932 1050 2996 Apollinis
1067 2931 1165 2993 templo

66 3021 181 3082 primunr
192 3019 283 3068 Musas
292 3018 394 3068 Aloidas
402 3019 600 3068 constituerunt.
640 3015 829 3064 dedicarentur.
870 3007 972 3061 Quibus
993 3011 1082 3071 postea
1100 3003 1167 3054 dicit

66 3095 165 3145 Pierus
182 3094 313 3144 Macedon
326 3095 402 3158 longo
413 3099 473 3158 post
485 3101 600 3157 tempora
641 3087 783 3139 Hesiodum
794 3085 903 3135 Pniitaur
920 3080 1073 3145 imposuisse
1089 3093 1166 3128 voea-

68 3169 363 3221 terternasconstitnit.
384 3169 460 3220 Quod
470 3169 600 3218 Ausonius
640 3166 709 3216 bula.
742 3159 1091 3225 Nouergolupiteruovem
1107 3155 1166 3204 Mu·

67 3247 206 3298 hicinnuit
216 3246 243 3295 iu
253 3245 400 3296 Cithaerone
409 3243 515 3296 iactum.
531 3245 599 3294 Pau·
640 3256 682 3291 sas
693 3239 791 3304 genuit,
808 3237 855 3287 sad
873 3234 940 3286 fabri
959 3241 1012 3282 tres
1023 3239 1065 3282 ter
1076 3237 1164 3281 ternas

66 3323 153 3373 sanius
171 3323 199 3372 in
216 3321 351 3382 Boeoticis,
369 3320 414 3370 nbi
432 3334 487 3370 rem
503 3319 600 3370 diserte
638 3313 766 3365 fecerunt·
796 3313 860 3362 'l'res
877 3316 963 3361 satem
980 3314 1119 3373 propterea
1129 3305 1166 3356 ci·

67 3399 193 3463 explicat,
211 3398 250 3446 ait
266 3396 294 3445 id
313 3395 452 3458 contigisse
462 3394 580 3458 'l’hcspiis
591 3408 598 3443 r
639 3391 707 3440 vitas
717 3390 761 3438 ills
771 3390 911 3449 locaverat,
928 3399 979 3434 uon
990 3385 1052 3448 quia
1061 3383 1089 3432 in
1100 3396 1165 3433 som·

66 3473 128 3524 huic
136 3472 326 3524 sententiarum
336 3469 479 3520 diversitati
486 3469 601 3520 occasio·
639 3465 679 3514 nis
689 3478 721 3513 ea
731 3463 840 3518 viderat,
860 3468 906 3509 ant
924 3465 963 3510 tot
974 3472 1003 3508 se
1013 3457 1164 3522 cujusquam

67 3563 128 3598 nean
138 3548 243 3598 dederit
253 3545 505 3596 locorumvicinitas.
639 3541 740 3591 illorum
758 3539 838 3590 oculis
854 3538 1101 3598 demonstraverant,
1118 3531 1164 3582 sed

98 3625 133 3672 33
144 3623 273 3684 Religion
282 3626 377 3685 patruus
387 3621 427 3683 psi
436 3620 599 3682 sexspreuisss
639 3617 701 3680 quia
719 3615 796 3665 facile
813 3619 870 3663 erat
887 3611 1092 3662 animadvertere
1111 3622 1164 3658 orn·

64 3697 195 3760 Μαί]
205 3697 250 3748 Sic
259 3694 514 3759 omuinolegendum.
531 3693 598 3744 Haec
637 3705 696 3740 nem
712 3705 810 3751 sonum,
828 3689 872 3752 qui
890 3685 1009 3736 materies
1022 3682 1164 3734 cautilena-

65 3769 480 3824 exVarroncsumsitAusonids.
514 3770 555 3819 Ex
568 3770 598 3818 ii·
637 3761 907 3826 rumest,tritormem
916 3766 1086 3811 manatura.
1109 3758 1165 3807 Aut

63 3850 114 3900 lius
137 3837 212 3898 certe
232 3845 305 3896 libris
324 3846 368 3910 qni
389 3846 523 3909 perierunt
540 3846 598 3896 irasc
637 3841 705 3891 enirn
725 3840 812 3889 editur
829 3851 904 3898 voce,
921 3836 990 3886 sieut
1008 3841 1049 3884 ast
1064 3847 1163 3892 comm,

63 3925 176 3990 repetiit
195 3925 235 3974 Ι).
255 3922 417 3985 Augustinus
437 3922 482 3972 lib.
502 3935 536 3972 ιι.
564 3921 597 3971 ds
637 3916 682 3979 qui
690 3913 868 3965 faucibussins
876 3913 1046 3962 instrumento
1055 3913 1162 3960 cwsrutz

62 4001 194 4052 Doctrina
204 3997 363 4060 christiana,
378 3998 463 4046 locum
474 3997 541 4046 hunc
552 4010 597 4060 op·
637 3999 681 4042 ant
692 3989 766 4051 flatu,
777 3989 844 4040 siout
855 3988 983 4050 tubarum,
992 3994 1020 4036 st
1027 3981 1162 4034 tibiarume

62 4080 131 4128 sime
154 4072 342 4138 explanantis:
370 4070 452 4121 ‘Non
475 4070 598 4121 audiendi
637 4072 682 4116 sut
692 4067 775 4130 pulsu,
785 4064 853 4115 sicut
863 4062 977 4123 citharis,
987 4067 1013 4109 et
1024 4056 1162 4121 tympanis.

61 4149 148 4214 sunt,'
165 4146 260 4213 iuquit,
276 4147 397 4198 ‘errores
413 4146 547 4211 gentilium
557 4161 597 4196 su·
638 4148 666 4193 ct
677 4140 829 4206 quibusdam
840 4138 906 4200 aliis,
923 4151 979 4200 ques
992 4131 1161 4197 percutiendo
