3034 4878
555 347 606 398 so
629 346 839 397 tusculum.
1180 331 1245 395 871

154 491 496 576 Cultapriusvestrae
512 489 932 556 oblitnmcousortiavitee
1178 487 1244 556 105

153 593 339 676 Increpitas
354 591 480 657 sanctis
498 597 590 656 mota
604 593 732 675 pietate
748 591 904 674 querelis.

151 695 347 778 Amplector
360 693 469 778 patrio
483 695 687 772 venerandos
701 699 836 777 pectore
849 700 970 773 mutue,

153 797 200 861 Et
212 797 293 860 mihi
306 795 481 879 gratandas
496 794 600 859 salvis
614 794 789 860 affectibus
803 794 880 858 iras.

153 898 222 964 Sed
235 896 374 984 reditum
386 897 461 960 inde
473 915 594 975 meum,
608 897 745 977 genitor,
758 901 791 960 te
806 915 947 982 poscere
962 896 1094 964 mallem

153 1000 252 1066 Unde
266 999 336 1063 dari
351 1000 476 1082 possit:
500 999 723 1063 revocandum
738 1018 790 1061 me
804 1000 865 1063 tibi
878 999 1022 1079 credam,
1178 1001 1243 1067 110

153 1101 239 1168 Cum
254 1099 382 1164 steriles
396 1100 517 1166 fundas
529 1118 595 1164 non
610 1096 655 1162 ad
670 1099 784 1163 divina
796 1105 964 1182 precatus,

153 1202 337 1271 Castalidis
352 1203 497 1286 supplex
512 1219 629 1266 averso
643 1201 776 1266 numine
793 1199 928 1267 Musis'l

153 1306 236 1372 Non
251 1305 304 1368 his
317 1305 504 1370 numinibus
519 1303 582 1370 tibi
594 1323 646 1366 me
659 1301 842 1387 patriaeque
856 1303 1007 1369 reduces.

154 1407 259 1486 Quod
272 1407 379 1485 datur,
394 1406 429 1471 iu
442 1405 578 1470 nihilum
592 1402 681 1488 (siue
695 1405 827 1469 numine
840 1403 973 1470 nomina
985 1403 1104 1470 Musas

154 1509 264 1574 Surda
279 1527 392 1587 vocas,
407 1512 439 1572 et
453 1507 546 1570 nulla
558 1501 672 1588 roges)
684 1504 768 1569 levis
783 1505 911 1570 auferet
925 1525 1017 1572 aura.
1178 1505 1243 1576 115

153 1611 252 1676 lrrita
266 1617 416 1674 ventosae
430 1609 564 1691 rapiunt
574 1604 653 1672 haec'
665 1613 743 1672 vota
757 1607 923 1690 procellae,

154 1711 244 1792 Qnae
257 1731 322 1775 uon
336 1712 439 1774 missa
454 1710 529 1774 Deo
545 1710 660 1794 vacuis
674 1709 710 1774 in
723 1709 869 1773 nubibus
882 1708 1019 1789 herent,

154 1813 230 1878 Nec
244 1817 413 1896 penetrant
426 1812 547 1898 Superi
557 1813 751 1878 stellantem
763 1812 850 1892 regis
865 1810 900 1874 in
914 1810 1037 1874 aulam.

198 1915 236 1979 Si
252 1915 311 1979 tibi
326 1933 406 1979 cura
419 1915 483 1979 mei
496 1915 632 1994 reditus,
644 1914 738 1980 illum
752 1915 880 1999 aspice,
896 1917 930 1978 et
943 1931 1011 1990 ora,

156 2014 225 2095 Qui
240 2016 366 2080 tonitru
383 2017 503 2082 summi
518 2017 624 2100 quatit
637 2017 734 2098 ignea
746 2013 893 2080 culmina
906 2015 998 2092 coeli,
1180 2016 1244 2082 120

138 2111 140 2120 ’
155 2117 225 2196 Qui
240 2117 349 2182 trifido
361 2118 438 2199 igne
450 2119 562 2197 micat,
577 2135 638 2182 nec
653 2119 768 2183 inania
781 2135 947 2182 murmura
960 2115 1090 2195 miscet,

155 2217 292 2303 Quique
307 2220 390 2284 satis
406 2221 496 2285 coelo
512 2221 600 2286 soles
613 2221 761 2304 largitur,
783 2226 816 2285 et
828 2219 960 2297 imbres

155 2319 226 2400 Qui
242 2341 339 2405 super
354 2341 463 2400 omne,
478 2321 567 2408 quod
581 2328 645 2401 est,
659 2323 715 2388 vel
728 2323 762 2386 in
778 2320 892 2386 omnia
904 2325 996 2385 totus
1011 2321 1135 2404 ubique

156 2420 321 2488 Omnibus
335 2423 466 2488 inlusus
481 2425 579 2488 rebus
594 2425 679 2506 regit
690 2423 802 2488 omnia
814 2421 982 2501 Christus:

157 2522 226 2601 Qui
240 2529 367 2589 mentes
383 2532 474 2590 tenet
490 2532 591 2609 atque
606 2529 728 2602 movet,
749 2524 808 2609 qui
822 2531 972 2606 tempora
984 2528 1099 2588 nostra
1181 2523 1246 2590 12⁵

155 2625 201 2689 Et
212 2625 289 2690 loca
302 2627 470 2711 disponit:
494 2629 585 2710 quod
600 2628 631 2692 si
646 2627 811 2692 contraria
824 2626 912 2691 votis

154 2724 350 2792 constituar
361 2729 495 2806 nostris,
510 2746 611 2810 prece
626 2725 851 2794 deflectendus
864 2725 900 2789 in
914 2724 974 2790 illa
988 2734 1041 2792 est

157 2829 244 2908 Quae
260 2829 423 2894 volumus.
468 2827 561 2907 Quid
574 2848 628 2893 me
643 2829 806 2894 accusasl
851 2827 889 2892 Si
904 2828 1061 2912 displicet
1076 2834 1169 2895 actus

157 2930 268 3009 Quem
284 2949 363 3012 gero
380 2936 494 3014 agente
511 2931 597 3008 Deo,
610 2929 705 3012 prins
720 2933 772 2992 est
785 2927 831 3013 (si
846 2924 915 3011 sas)
928 2948 1003 2993 reus
1017 2933 1141 3007 auctor,

157 3031 222 3096 Cui
236 3030 349 3115 placet
364 3037 423 3096 ant
435 3031 576 3095 formare
589 3050 692 3108 meos,
708 3037 769 3094 ant
782 3037 908 3094 vertere
924 3049 1050 3095 sensns.
1181 3030 1247 3096 130

157 3133 245 3198 Nam
261 3152 335 3196 mea
349 3133 379 3195 si
392 3137 537 3216 reputes,
553 3151 628 3215 quse
641 3131 882 3215 pristinaque
897 3131 1062 3209 sibinen,

156 3234 282 3318 Sponte
296 3232 425 3296 fatebor
439 3251 516 3296 eum
530 3231 632 3296 modo
647 3250 700 3297 me
714 3251 780 3297 uon
794 3252 880 3310 esse,
895 3233 957 3297 snb
970 3232 1030 3297 illo

155 3335 320 3416 Tempore
336 3333 396 3417 qui
409 3332 537 3410 fuerim,
553 3352 619 3416 quo
632 3353 698 3398 non
711 3353 886 3417 perversus
900 3334 1055 3412 habebar,

157 3435 201 3502 Et
214 3441 392 3520 perversus
407 3453 510 3520 epam,
524 3433 601 3500 salsi
616 3436 754 3520 caligine
768 3454 918 3515 cernens,

158 3537 270 3602 Stulta
285 3537 350 3601 Dei
366 3537 514 3620 sapiens,
528 3542 562 3602 et
576 3537 692 3602 mortis
707 3538 832 3621 pabula
845 3537 977 3602 vivens.
1183 3533 1247 3598 135

158 3637 237 3718 Quo
253 3639 359 3720 magis
374 3639 500 3720 ignosci
514 3637 595 3702 mihi
607 3637 671 3718 fas,
687 3640 767 3723 quia
780 3640 945 3723 promtius
959 3658 1003 3702 ex
1017 3639 1081 3702 hoc

156 3738 307 3824 Agnosci
321 3738 427 3819 datur,
442 3759 463 3804 a
478 3758 607 3804 summo
623 3741 769 3821 genitore
782 3742 909 3818 novari,

649 3948 758 4000 NOTlE

191 4083 239 4130 lau
255 4075 419 4139 muncler]
435 4077 472 4127 Ut
489 4077 559 4125 Dens
579 4091 685 4128 accuse·
725 4057 809 4142 pellit.
826 4076 901 4127 Idem.

159 4161 213 4217 tur,
230 4153 273 4219 qui
284 4167 333 4216 me,
348 4166 404 4217 qua
420 4149 498 4215 secio,
513 4150 599 4202 facere
617 4167 684 4202 coun-
