2998 4884
599 309 778 359 ananam.
1165 297 1233 365 Ι487

135 449 263 516 Jussus
275 449 319 514 ob
333 448 449 516 incesti
461 449 520 532 qui
534 453 702 532 quondam
716 454 826 522 foedus
842 455 966 518 amoris

137 549 308 614 Arsinodn
322 537 438 614 Pharii
452 551 629 634 suspendit
644 555 677 617 in
693 553 768 618 aere
783 557 910 637 templi.
1167 555 1233 621 315

108 737 193 794 'mos
210 745 313 796 umbem.
348 747 398 803 Qui
415 746 551 809 olimiussu
567 749 689 800 Ptolemai
703 749 853 814 Philadelphi
869 757 966 814 propter
987 753 1100 800 incestum
1116 747 1165 811 dus
1180 762 1232 800 eum

134 823 214 859 serore
224 810 325 859 Arsinoe'
340 811 482 874 eonjugium,
494 813 614 875 suspendit
628 814 778 863 simulacrum
793 815 866 876 ipsius
876 814 988 866 Arsinois
999 815 1025 864 iu
1045 815 1099 864 a'e'rs
1108 815 1134 864 iu
1147 815 1230 879 empto

634 974 739 1024 NO'l'AE

136 1091 195 1156 pius
206 1092 323 1141 minusve
331 1093 530 1156 exspatiubitur,
536 1099 614 1156 prout
624 1093 667 1142 de·
739 1097 754 1125 ·
771 1098 896 1148 Consumit
908 1098 1019 1162 Pyramis
1033 1095 1139 1163 amires]
1160 1097 1228 1151 Quis

135 1167 240 1216 missior
261 1168 369 1216 altiorve
393 1169 437 1217 Sol
461 1170 493 1218 ed
515 1171 666 1233 predictam
707 1186 827 1234 supreme
853 1173 1001 1236 Pyramldis
1029 1185 1087 1235 pars
1113 1169 1231 1222 umbram

135 1241 304 1291 altitudinem
322 1243 407 1291 minus
424 1244 538 1306 magisve
550 1246 666 1296 accedet.
707 1260 778 1295 uuum
802 1248 829 1298 iu
851 1255 945 1296 terram
964 1261 1013 1295 uon
1031 1245 1108 1309 jacit,
1138 1245 1183 1294 sed
1206 1246 1233 1295 ln

136 1316 232 1378 Neque
244 1317 312 1364 euim
326 1317 666 1384 existimandumesthm-
707 1321 767 1369 alise
800 1321 937 1383 interjecto
967 1321 1104 1369 consumit.
1152 1318 1234 1369 Audi·

135 1385 221 1438 mides
232 1389 666 1456 illasAEgyptiasaineumbraesse,
707 1395 788 1444 andus
806 1409 838 1444 ea
857 1397 890 1444 de
907 1409 935 1444 re
953 1395 1110 1457 Mussipont.
1120 1394 1233 1458 qulam

134 1465 215 1514 ‘cum
238 1465 282 1513 Sol
302 1464 433 1515 decedens
452 1477 599 1518 crescentes
619 1469 666 1518 du·
704 1469 807 1534 quidem
816 1473 915 1536 j'udiclo
926 1474 1138 1536 perspicuelrune
1149 1473 1233 1522 locum

133 1539 220 1601 plicet
230 1538 350 1590 umbras?
380 1540 426 1589 Sin
440 1549 526 1593 sutem
537 1545 665 1593 acutiores
705 1544 854 1596 illustrarit.
886 1547 1078 1609 Statuitprimo
1091 1554 1143 1595 tem
1153 1546 1233 1595 altem

134 1614 256 1663 volumus
268 1613 349 1664 fnisse
360 1615 523 1679 Pyramides,
535 1624 597 1668 tune
610 1625 665 1668 tau·
706 1634 764 1670 esse
786 1623 959 1686 Pyramideru,
980 1628 1010 1671 ul
1031 1623 1176 1672 acuminata
1195 1621 1232 1670 vi*-

134 1695 191 1738 tum
203 1691 375 1739 consumsisse
385 1691 489 1741 umbras
505 1707 563 1741 suas
577 1693 665 1743 existi·
706 1694 806 1758 dentur,
816 1697 877 1745 licet
889 1696 982 1745 lrebete
993 1694 1106 1758 fastigio·
1131 1692 1234 1743 Deinde

134 1765 395 1828 meduanensem
411 1766 454 1816 Sol
470 1769 664 1830 eousquealti·
706 1770 828 1833 supponit
854 1771 929 1818 aliem
952 1768 1115 1834 Pyramidem
1138 1769 1233 1832 viginti

134 1839 234 1888 tudinis
245 1840 415 1903 pervenisset,
423 1845 452 1891 ut
460 1841 516 1904 ejus
524 1842 609 1890 radius
618 1855 666 1904 per
706 1843 801 1894 cubitis
828 1845 955 1906 altiorem,
980 1850 1007 1892 et
1028 1850 1104 1893 scuto
1123 1844 1233 1892 vertice.

135 1913 286 1977 Pyramidis
304 1913 405 1977 apicem
420 1913 548 1965 transiens
564 1917 666 1978 opposi·
706 1917 771 1966 lnde
783 1917 880 1981 colligit
893 1925 991 1981 partem
1007 1917 1076 1965 illam
1092 1929 1149 1981 qum
1160 1915 1233 1964 fasti·

136 1999 193 2038 tum
211 1990 280 2038 latus
298 1988 389 2039 redere
408 1990 557 2053 incepisset.
590 1991 665 2043 Quod
705 1991 747 2053 gio
770 1993 864 2055 prioris
892 1991 1069 2053 respondebit,
1093 1991 1158 2040 licet
1183 1999 1233 2038 uec

135 2065 162 2112 in
186 2063 310 2127 AEgypto,
332 2064 376 2114 ubi
396 2065 441 2112 Sol
462 2065 489 2112 iu
510 2064 616 2113 meridie
633 2065 666 2113 ad
705 2066 839 2126 altissima,
855 2079 904 2113 neo
922 2071 998 2113 acute
1015 2063 1060 2124 sit,
1076 2070 1178 2112 acutam
1196 2064 1234 2112 ni·

135 2141 263 2188 verticem
274 2139 365 2202 ipsum,
382 2145 428 2187 eut
443 2152 525 2202 prope
538 2139 666 2200 ascendit,
705 2139 841 2189 nilominus
860 2139 940 2187 rideri
960 2151 1053 2200 posse;
1070 2137 1137 2200 quod
1156 2137 1179 2185 si
1197 2152 1234 2187 as·

136 2229 210 2276 soepe
233 2222 261 2263 et
288 2227 337 2276 per
362 2215 470 2262 multam
491 2213 543 2262 diei
565 2218 666 2276 partem
705 2215 830 2281 sequitur,
841 2214 928 2278 quidni
940 2220 969 2263 et
986 2212 1101 2262 umbram
1116 2213 1197 2275 ipsum
1206 2215 1234 2263 iu

134 2290 224 2353 potnit
250 2289 365 2338 evenire.
398 2290 433 2338 Et
456 2287 512 2337 haec
534 2295 574 2338 est
594 2303 666 2337 mens
706 2297 802 2339 terram
820 2288 913 2351 fusam,
931 2289 1099 2352 gracillimum
1116 2289 1235 2340 immoet

136 2364 285 2414 cassiodori
305 2363 431 2412 variarum
450 2363 493 2412 lib.
518 2376 569 2412 vu.
591 2362 666 2412 form.
706 2365 875 2413 acuminatam
897 2362 1010 2412 futuram
1034 2373 1092 2412 esee
1115 2375 1234 2426 asseque-

135 2445 179 2489 15.
192 2439 246 2499 ubi,
262 2437 432 2501 ‘Pyrsmides
443 2438 470 2486 iu
482 2436 612 2500 AEgypto,'
628 2439 666 2486 iu·
707 2447 758 2501 tur,
785 2440 896 2504 ideoque
922 2440 1060 2503 Pyramide
1086 2445 1234 2488 consumtus

136 2515 203 2578 quit,
218 2517 343 2578 ‘quarum
359 2513 384 2560 iu
397 2526 444 2561 suo
455 2518 525 2561 statu
538 2525 565 2560 se
577 2510 667 2561 umbra
707 2515 821 2564 residuos
833 2515 924 2576 viginti
935 2515 1052 2564 cubitose
1070 2525 1122 2578 qus
1133 2513 1234 2564 ratione

135 2601 291 2638 consumens
309 2587 378 2635 ultre
394 2585 596 2636 constructionis
608 2599 666 2648 spa·
707 2596 827 2639 constare
849 2595 877 2638 et
904 2589 986 2651 ipsius
1011 2596 1089 2638 terrm
1116 2585 1233 2635 umbram

136 2663 175 2711 tia
186 2662 258 2711 nulls
267 2667 341 2724 parte
350 2658 527 2721 conspicitur!
559 2660 594 2708 Et
606 2657 667 2707 Am·
707 2671 767 2713 aute
779 2664 901 2725 consumi,
911 2678 986 2727 quam
994 2663 1068 2713 lovis
1077 2668 1120 2711 aut
1131 2661 1234 2710 Saturni

137 2739 228 2797 miani,
245 2736 290 2799 qui
309 2734 354 2783 lib.
367 2747 439 2782 xxm.
456 2733 493 2782 rie
508 2733 562 2782 ait:
584 2735 667 2784 ‘Qum
708 2738 785 2787 orbes
796 2738 945 2800 pertingere
958 2743 1047 2800 quinat.

137 2809 232 2876 ligura'
248 2808 394 2873 Pyramidis
413 2807 499 2870 ‘apud
514 2807 667 2858 Geometras
739 2816 787 2860 ull
803 2813 899 2875 Juseus]
914 2811 938 2860 A
951 2811 1094 2858 Ptolemae
1104 2806 1234 2858 Philadel.

137 2889 199 2936 ideo
221 2887 258 2936 sie
280 2885 436 2949 appelletur,
458 2884 527 2948 quod
550 2884 582 2932 sd
601 2885 667 2946 iguis
708 2885 953 2948 pholEgyptirege.

139 2961 266 3024 speciem,
287 2957 331 3008 τοῦ
346 2958 416 3022 rupis
436 2967 466 3008 nt
488 2973 533 3007 nos
550 2959 667 3020 dicimus,
742 2959 780 3006 Ob
787 2957 884 3006 incesti.
894 2992 901 3006 .
911 2990 917 3005 .
927 2993 933 3006 .
937 2957 1018 3018 fadus
1027 2953 1125 3018 omnem]
1141 2956 1234 3006 Matri·-

139 3034 443 3084 exteuuaturincouum.
475 3034 589 3084 Quarum
601 3047 668 3095 mag·
707 3033 819 3082 mouium
837 3032 1001 3096 Philadelphi
1019 3032 1235 3081 rumsororelir·

139 3108 232 3158 nitudo
250 3109 370 3172 quonism
391 3108 418 3157 in
432 3108 610 3157 celsitudinem
629 3109 668 3156 ui·
709 3107 788 3170 sinoe',
805 3108 947 3171 cujusmodi
967 3107 1186 3157 strauimoniauon
1197 3107 1236 3156 iu·

139 3187 217 3234 mium
234 3184 359 3234 scandens
374 3183 522 3246 gracilescit
532 3183 667 3247 paulatim,
708 3183 971 3246 usitatainAEgypto.
1003 3181 1143 3230 Illaetiam
1155 3182 1235 3230 Bero-

138 3261 245 3310 umbras
269 3272 370 3322 quoque
396 3257 548 3306 mechanica
570 3258 668 3307 ratione
708 3259 962 3321 nioe,cujuseomem
971 3257 1236 3306 CououMathemati·

139 3334 287 3386 consumit!
319 3333 417 3396 Lepide
428 3347 490 3382 vero
500 3333 602 3382 Solinus
610 3347 668 3381 cam
708 3349 753 3384 cns
766 3339 793 3382 et
801 3333 973 3383 Callimachus
983 3331 1061 3393 podia
1070 3330 1138 3378 iuter
1150 3329 1236 3378 sidera

138 3413 176 3463 eit
188 3409 361 3472 Polyhistoris
372 3410 479 3470 cepae.
499 3406 669 3468 ‘Pyramides
708 3411 877 3468 collocarunt,
886 3402 1085 3469 nupseratfrstri
1092 3404 1235 3454 Ptolemoeo

140 3495 226 3536 turres
246 3490 308 3534 suut
334 3484 361 3533 ln
382 3484 504 3546 AEgypto,
530 3481 669 3546 fastigiata
709 3480 872 3543 Philadelphi
882 3480 945 3529 filio.
973 3479 1042 3530 Quin
1054 3485 1081 3526 et
1093 3477 1161 3540 apud
1172 3479 1235 3525 Per-

139 3563 211 3611 ultra
230 3557 408 3608 celsitudinem
425 3572 535 3618 omnem,
546 3572 603 3621 qua
614 3557 673 3607 lieri
711 3574 752 3607 sas
770 3563 798 3606 et
815 3556 935 3620 Assyrios
951 3553 990 3603 ias
1007 3559 1063 3601 erat
1082 3565 1180 3600 sorores
1192 3567 1237 3602 uu·

138 3649 218 3685 manu
230 3633 322 3697 possit.
353 3633 448 3696 ltaque
462 3647 606 3683 mensuram
617 3648 671 3682 urm·
711 3648 769 3683 ores
779 3633 883 3682 deucere.

141 3711 248 3760 brorum
259 3722 382 3771 egressae,
400 3708 483 3758 nullas
501 3708 599 3757 habeut
617 3723 671 3756 um·
742 3713 789 3757 315
808 3705 906 3767 Pierii]
933 3703 1103 3753 Alexandrini
1123 3701 1236 3766 quidem,

140 3785 220 3835 bras?
264 3783 348 3834 Quasi
373 3783 454 3831 moles
481 3783 566 3846 aliqua
593 3789 671 3832 terrm
711 3777 1141 3841 utexlocissuprarelatispatet.
1158 3776 1236 3825 leda

139 3859 270 3910 inhaerens
292 3857 404 3920 intelligi
424 3857 507 3919 possit
525 3857 552 3906 iu
574 3863 672 3908 tentam
712 3857 798 3905 Pharo
821 3853 928 3917 AEgypti
949 3858 1031 3913 turre,
1054 3850 1174 3914 quicquid
1196 3850 1237 3897 dl·

142 3933 307 3984 altitudinem
324 3944 474 3994 exsurgere,
492 3937 521 3980 ut
540 3931 573 3980 ob
590 3932 615 3980 id
632 3933 671 3994 ip·
712 3929 827 3993 gyptium
847 3933 912 3989 eret,
927 3926 1048 3976 Plrarium
1064 3936 1135 3984 saepe
1150 3925 1238 3986 eppei·

141 4023 198 4056 sum
211 4011 327 4057 umbram
339 4021 390 4056 nou
400 4006 503 4055 habeat.
527 4005 672 4057 Quinimmo
712 4008 793 4070 latum
802 4011 854 4053 est.

142 4098 196 4158 quo
207 4083 285 4145 altior
302 4082 362 4148 erit,
378 4097 410 4132 eo
424 4080 530 4131 habebit
540 4080 672 4144 majorem.
745 4079 872 4146 Suspendit
893 4079 918 4128 is
934 4079 998 4138 rr'e're,
1012 4075 1067 4139 ξω]
1084 4074 1166 4128 Quasi
1185 4073 1238 4126 fae·
