3034 4878
383 1007 883 1105 DIVERSORUM
935 1001 1319 1102 EPISTOLAE

825 1341 877 1392 An

509 1611 1194 1734 AUSONIUM.

336 2210 574 2261 THEODOSIUS
591 2208 791 2260 AUGUSTUS
805 2210 972 2260 AUSONIO
997 2209 1164 2259 PARENTI
1189 2207 1379 2262 SALUTEM.

307 2327 436 2418 Arrorr
459 2371 566 2432 maus,
592 2351 711 2437 quiin
736 2357 770 2417 te
798 2356 860 2429 est,
882 2357 917 2415 et
940 2350 1117 2416 admiratio
1141 2350 1275 2434 ingenii,
1300 2360 1403 2439 atquc
1506 2363 1507 2416 ξ

308 2455 505 2519 eruditionis
520 2460 598 2530 tuac,
613 2471 690 2536 quaa
704 2453 811 2517 multo
826 2452 976 2517 maxima
989 2458 1077 2531 sunt,
1092 2452 1186 2532 facit,
1210 2453 1337 2519 Parens
1347 2455 1403 2539 ju-

307 2554 526 2631 cundissime,
541 2561 720 2618 utmorem
737 2553 950 2641 prirrcipibus
963 2553 1041 2619 aliis
1056 2553 1195 2619 solitum
1210 2564 1403 2638 sequestra·

305 2675 393 2736 ram3
414 2654 675 2740 familiaremque
697 2673 886 2722 sermonem
909 2656 1152 2739 autographum
1168 2656 1213 2722 ad
1238 2663 1272 2721 tc
1296 2664 1403 2722 trans-

305 2757 489 2822 mitterem:
511 2755 687 2841 postulans
702 2776 764 2841 pro
774 2756 851 2841 jura
865 2776 934 2821 non
949 2757 1086 2840 quidem
1101 2757 1206 2841 regio,
1222 2756 1283 2822 sed
1309 2757 1401 2822 illius

304 2857 446 2944 privata
459 2859 544 2924 inter
558 2877 621 2924 nos
637 2858 800 2935 caritatis,
813 2876 857 2921 na
871 2856 1018 2921 fraudari
1032 2877 1086 2921 mc
1102 2859 1308 2941 scriptorum
1328 2866 1402 2923 tuo·

303 2977 376 3023 rum
389 2957 530 3026 lectione
544 2955 704 3042 patiaris:
728 2977 804 3042 quaa
820 2957 901 3022 olim
920 2957 1001 3021 mihi
1024 2958 1170 3041 cognita,
1194 2966 1227 3024 et
1244 2957 1318 3044 jam
1341 2979 1402 3042 per

303 3063 437 3142 tempus
458 3059 575 3138 oblita,
598 3077 727 3124 rursum
741 3058 907 3137 desidero,
933 3077 1002 3123 non
1027 3060 1136 3125 solum
1160 3066 1199 3125 ut
1223 3079 1300 3144 quae
1324 3069 1403 3126 sunt

305 3165 388 3226 nota
401 3161 564 3242 recolam3
585 3159 647 3226 sad
661 3166 699 3225 ut
719 3179 772 3239 aa,
788 3180 865 3244 quaa
885 3161 976 3225 fama
992 3161 1116 3226 celebri
1130 3161 1264 3245 adjecta
1276 3181 1402 3228 mamo-

304 3267 430 3340 rantur,
445 3262 621 3346 accipiam.
665 3261 805 3341 Quaestu
820 3263 863 3327 da
883 3265 1089 3346 promtuaria
1111 3261 1305 3330 scriniorum
1327 3271 1402 3328 tuo-

304 3381 388 3439 rum,
404 3363 463 3446 qui
476 3383 529 3427 mc
544 3382 649 3443 amas,
664 3364 771 3429 libens
786 3363 986 3447 impartiare,
998 3368 1134 3428 secutus
1150 3363 1307 3448 exempla
1321 3383 1402 3430 auc·

307 3468 413 3526 torum
427 3463 638 3548 optimorum,
653 3464 774 3547 quibus
789 3483 940 3548 parasse
953 3463 1124 3530 meruisti:
1139 3465 1198 3549 qui
1212 3465 1402 3531 Octaviano

312 3560 481 3644 Augusto,
490 3581 600 3626 rarum
611 3564 764 3645 potienti,
777 3566 928 3632 certatim
943 3585 1044 3650 opera
1057 3585 1121 3630 sua
1134 3567 1321 3645 tradebant,
1332 3568 1403 3632 nul-

306 3663 344 3729 lo
360 3665 428 3730 fine
444 3662 478 3728 in
494 3663 565 3747 ejus
578 3663 739 3729 honoram
755 3663 863 3730 multa
877 3667 1067 3734 condentes.
1112 3667 1181 3747 Qui
1197 3669 1286 3748 illos,
1311 3666 1402 3732 haud

306 3767 423 3846 sciam,
449 3784 492 3830 an
516 3765 702 3852 acqualiter,
729 3783 769 3830 ac
792 3785 854 3849 ego
877 3772 922 3846 te,
949 3767 1130 3835 admiratus
1145 3770 1205 3852 sit3
1228 3773 1315 3836 certe
1338 3787 1401 3833 non

306 3866 455 3953 amplius
467 3867 638 3950 diligabat.
679 3864 802 3944 VALE,
817 3866 985 3934 PARENS.

718 4113 722 4120 ,
777 4053 907 4130 ,ποτε

338 4163 414 4215 Hanc
424 4163 562 4228 epistolam
573 4165 716 4216 Theudoria
735 4165 836 4231 abjudi·
874 4167 1064 4234 parBarthiur.

306 4245 366 4290 caat
385 4238 561 4304 Mariangelur
572 4239 712 4293 Accusatus
730 4247 758 4292 et
774 4244 834 4293 Car·
