3034 4878
274 363 341 434 874
589 377 834 428 urvsasuauu
860 377 1050 428 nrrsronn

276 523 410 612 Objicis
423 521 582 608 hospitia,
597 521 633 586 in
646 521 752 607 primu
767 520 868 604 qnasi
879 520 993 586 limine
1008 519 1098 584 fixus

276 627 443 712 Hispanas
456 625 601 709 regionis
614 643 724 708 agam,
741 643 804 690 uec
819 625 866 688 sit
878 624 977 688 locus
991 641 1131 706 usquam
1301 621 1370 686 205
1510 703 1511 730 1

277 727 372 794 Rure
385 729 440 793 rcl
453 728 535 792 urbe
546 728 638 804 mibi,
652 746 817 792 summum
829 745 895 809 qua
910 726 1006 790 dives
1020 725 1057 788 in
1071 725 1185 790 urbem

277 827 395 913 Usque
408 837 504 914 patet
516 849 645 896 mersus
660 837 821 916 spectans
834 828 1006 914 Hispania
1019 828 1141 893 Soles't

321 931 391 996 Sed
405 932 507 996 inerit
519 932 663 1010 furtum,
671 932 765 1016 jugis
779 932 948 1000 habitasse
960 922 1144 996 bitonum:

278 1031 361 1098 Nun
375 1033 443 1098 lare
455 1034 635 1100 barbarico
650 1033 747 1116 rigui,
760 1033 955 1098 mutatusin
970 1032 1077 1116 ipsos,

280 1134 839 1220 luterqnushabuisuciaferitatc
855 1134 1006 1198 colonus.
1304 1131 1373 1196 210

278 1234 362 1302 Nou
374 1237 496 1321 recipit
508 1258 602 1302 mens
617 1257 702 1321 pura
714 1238 850 1316 malum,
864 1256 968 1320 neque
981 1234 1111 1300 levibus
1123 1232 1248 1298 haerent

280 1339 449 1425 lnspersae
464 1340 558 1404 fibris
571 1340 731 1406 maculae:
751 1341 802 1406 sic
816 1338 977 1406 Vascone
991 1336 1085 1413 saltu,

282 1440 448 1524 Quisquis
462 1443 531 1524 agit
543 1461 648 1529 purus
662 1441 801 1508 sceleris
816 1441 920 1506 vitam
935 1441 1023 1507 iuter
1035 1437 1183 1522 iniquos,

281 1539 390 1606 Nulla
402 1541 446 1606 ab
461 1540 639 1606 inhumano
652 1561 781 1608 morum
796 1542 950 1624 ccumpa
964 1541 1059 1606 ducit

282 1639 437 1725 Hospite.
480 1641 548 1733 Sed
561 1641 644 1706 mibi
659 1662 718 1707 cur
732 1643 777 1708 sit
791 1641 906 1708 abillo
920 1642 1052 1708 nominc
1066 1642 1199 1721 crimen,
1306 1639 1374 1709 215

282 1740 352 1822 Qui
365 1743 498 1810 diversa
510 1743 600 1822 colu,
615 1753 654 1810 ut
669 1744 771 1823 colui,
786 1744 864 1809 loca
872 1742 992 1828 juncta
1006 1745 1161 1828 superbis

282 1843 442 1924 Urbibus,
457 1852 491 1911 et
503 1845 592 1912 lictis
605 1845 775 1910 bominum
787 1844 999 1910 celeberrima
1011 1845 1137 1910 cultist

281 1944 336 2012 Ac
350 1947 381 2012 si
395 1946 599 2014 Vasconicis
613 1949 695 2014 mibi
707 1949 780 2015 vita
792 1948 912 2014 inisset
925 1950 960 2013 iu
973 1949 1059 2029 uris;

283 2048 351 2118 Cur
366 2069 432 2114 nou
444 2068 537 2116 mure
551 2070 626 2116 meu
640 2050 752 2136 potins
765 2051 919 2128 formata,
933 2050 1056 2114 terinos

283 2150 438 2230 Ponerct,
454 2151 635 2224 inncstms
648 2151 795 2237 migrans
810 2171 894 2236 gens
907 2152 1060 2227 barbara,
1073 2150 1179 2216 ritust
1308 2148 1377 2214 220
1515 2229 1516 2234 ¹

231 2295 238 2316 .
283 2251 377 2318 Num
391 2250 481 2336 quod
495 2253 531 2318 in
545 2253 672 2319 aversis
683 2254 878 2320 habitacula
892 2254 991 2337 punis
1005 2252 1145 2318 Hiberis

284 2353 447 2433 Urbibus,
462 2362 497 2420 et
512 2355 648 2422 deserta
661 2362 721 2422 tuo
736 2355 821 2440 legis
836 2354 963 2440 oppida
977 2373 1085 2434 versu,
1221 2425 1228 2446 x

284 2455 547 2542 Montanamqnc
561 2459 641 2526 mibi
656 2458 870 2542 Calagurrim,
886 2465 922 2524 et
935 2456 1086 2522 Bilbilim
1099 2457 1211 2522 acutis

283 2557 490 2624 Pendentem
504 2559 664 2642 scopulis,
680 2559 869 2642 collemque
877 2558 1028 2643 jacentis
1040 2557 1162 2626 Ilerdae

285 2659 490 2744 Exprobras,
504 2661 597 2728 velut
609 2655 820 2726 his'habitem
833 2660 914 2726 laris
928 2661 1008 2726 exul
1023 2666 1059 2725 et
1073 2659 1164 2724 urbis
1309 2657 1377 2724 225

285 2761 390 2828 Extra
402 2762 573 2829 hominum
588 2769 680 2829 tecta
694 2769 796 2848 atquc
809 2763 905 2844 vias;
927 2783 971 2830 an
985 2761 1092 2830 credis
1108 2760 1248 2828 Hibera

287 2861 362 2930 Has
377 2863 507 2928 telluris
523 2881 620 2948 opes,
636 2864 787 2948 Hispani
800 2865 935 2930 nescius
950 2865 1054 2944 urbis,

286 2963 364 3043 Quo
379 2966 491 3046 gravis
505 2965 561 3032 illc
574 2965 645 3049 poli
657 2965 721 3031 sub
735 2966 880 3049 pondere
893 2965 1045 3032 constitit
1056 2962 1170 3044 Atlas,

287 3065 416 3134 Ultima
425 3086 513 3133 nunc
527 3067 601 3152 ejus
615 3085 712 3134 muns
726 3068 836 3150 portio
848 3074 1002 3150 metaque
1016 3074 1112 3132 terra

286 3167 457 3234 Disclndit
470 3169 633 3258 bimarem
648 3168 740 3236 celso
756 3170 815 3252 qui
829 3168 955 3234 vertice
970 3167 1126 3253 Calpeni
1311 3164 1378 3232 230

287 3269 421 3334 Bilbilis
434 3270 512 3335 hnic
525 3278 666 3351 tantum,
679 3269 883 3356 Calagurris,
897 3270 1008 3336 llcrda
1019 3274 1167 3346 notatur,

288 3369 447 3435 casarea
460 3376 514 3436 est
525 3370 679 3456 Augusta
693 3375 759 3452 cui,
775 3373 830 3440 cui
844 3373 991 3440 Barcino
1004 3389 1148 3450 amoena,

287 3469 333 3536 Et
346 3470 460 3554 capite
474 3473 599 3555 insigni
613 3472 813 3558 despectans
824 3475 970 3540 Tarraco
985 3478 1133 3558 pontum.

331 3569 423 3651 Quid
439 3591 605 3638 numerem
619 3576 769 3657 egregias
782 3576 876 3642 terris
890 3584 924 3641 et
935 3576 1104 3640 maenibus
1116 3574 1229 3650 nrbes,

288 3675 369 3757 Qua
383 3675 644 3759 geminumielix
659 3675 830 3760 Hispania
844 3677 999 3756 lauditia
1014 3695 1141 3760 aequor,
1311 3669 1378 3736 235

229 3799 235 3808 ·
289 3777 368 3859 Qua
383 3777 478 3844 Betis
493 3775 678 3859 Oceanum,
694 3775 965 3863 Tyrrhenumque
980 3782 1078 3862 auget
1090 3777 1255 3854 Hiberus,

749 3931 752 3938 ’
779 3973 886 4026 sons

320 4121 369 4170 206
385 4113 516 4180 Summas]
532 4117 693 4176 Extremum,
709 4113 813 4166 occidu·
852 4126 973 4176 magnum
984 4125 1063 4174 marc,
1080 4124 1108 4160 se
1119 4121 1246 4173 mergere,
1265 4120 1323 4156 cum
1335 4120 1380 4156 cc·

288 4207 341 4258 um,
355 4208 406 4260 qua
426 4198 500 4258 parte
518 4191 606 4244 Solem
625 4188 653 4242 iu
670 4189 814 4252 Oceanum,
853 4187 928 4253 cidit,
938 4187 1048 4248 fabulati
1056 4191 1115 4238 sunt
1122 4183 1244 4236 Veteres.
1257 4183 1363 4234 Visetur.
