3016 4894
214 154 223 220 'r

237 1616 253 1645 h

272 301 336 370 680
501 291 504 298 ’
732 317 892 368 susurru

313 461 337 526 J
340 464 457 526 unctus
472 459 628 524 limicolis
643 459 816 522 musculus
828 458 948 524 ostreis

239 629 243 636 ,
311 561 426 625 Primo
441 559 628 642 composuit
639 557 765 623 fercula
778 558 929 641 prandio,

313 661 441 727 Gratus
456 659 584 725 deliciis
598 659 756 723 nobilium
773 660 879 737 cibus,

311 763 356 828 Et
370 761 469 827 sumti
481 761 632 826 modicus
649 759 853 843 pauperibus
872 759 970 825 iocis.

311 863 392 928 Non
406 861 460 927 hic
474 861 645 943 nurifmgo
661 861 820 943 quaeritur
834 879 979 942 aequore,

309 964 357 1028 Ut
371 970 501 1028 crescat
513 963 651 1046 pretium
665 963 787 1045 mande
802 962 977 1045 periculis:

310 1064 376 1128 Sed
389 1065 534 1147 primore
548 1061 644 1140 vado,
666 1069 746 1145 post
758 1062 908 1146 refugum
922 1081 1021 1138 mure,

311 1165 439 1245 Algoso
452 1164 571 1245 legitur
590 1162 700 1228 littore
715 1164 883 1227 concolor.

309 1264 399 1329 Num
413 1269 508 1328 testae
523 1263 667 1347 duplicis
680 1264 830 1327 conditur
845 1263 878 1325 in
889 1279 1008 1346 specu,
1039 1269 1043 1276 '

307 1364 395 1442 Qum
409 1363 567 1429 ferventis
581 1383 680 1448 uquae
695 1364 762 1429 fotu
777 1365 972 1446 vaporibus,
1031 1355 1033 1360 ’

307 1467 448 1532 Carnem
463 1467 599 1533 lacteoli
611 1467 750 1532 visceris
766 1466 903 1530 indicat.

256 1647 264 1664 ι
350 1567 420 1632 Sed
433 1568 595 1633 damnosa
610 1568 709 1652 nimis¹
724 1567 878 1651 panditur
894 1586 981 1631 urea.

306 1668 376 1733 Fac
390 1688 544 1752 campum
558 1671 709 1752 replices,
733 1668 846 1746 Musa,
869 1669 1064 1752 papyrium:

261 1865 339 1916 srlditi
355 1868 440 1916 ostreis
454 1868 534 1917 lissum
555 1868 715 1930 incolentibus,
731 1870 876 1918 adoraturum
894 1868 984 1930 primus
1000 1869 1072 1932 iopes
1080 1865 1185 1930 prandii,
1195 1867 1237 1927 qui
1245 1863 1355 1928 pisciculi

260 1937 315 1978 surrt
334 1945 386 1980 sscu
394 1931 500 1992 jucunda
513 1933 540 1982 iu
550 1935 624 1994 epulis
638 1935 786 1996 optimatum,
796 1938 821 1982 et
830 1947 910 1995 porca
920 1933 1030 1995 impensa
1039 1933 1070 1980 arl
1081 1932 1170 1980 cultum
1179 1929 1354 1993 pauperiorum.

262 1993 316 2041 Hic
325 1995 399 2056 piscis
408 2010 454 2044 sorr
463 1996 592 2058 inquiritur
603 1999 628 2045 irs
639 1999 699 2046 mari
710 1995 845 2057 naufragiis
852 1994 946 2055 iulumi,
962 2001 990 2044 ut
998 1997 1102 2058 pretium
1111 1994 1161 2055 <ius
1171 1993 1255 2052 iugens
1263 2007 1353 2053 augeo-

260 2057 337 2106 turob
346 2058 449 2120 pericula
459 2074 511 2121 quoe
521 2065 643 2110 occurrant
653 2061 679 2109 iss
694 2061 744 2121 rjus
753 2062 862 2122 piscatu:
886 2074 967 2108 seruus
986 2059 1107 2120 colligitur
1124 2057 1150 2106 iss
1169 2057 1254 2118 prisuis
1274 2057 1352 2118 rusb,

259 2124 494 2176 cummorerecrssit.
505 2123 531 2171 irs
540 2124 621 2173 littore
633 2125 773 2186 clguplerso,
783 2122 901 2171 eisimiis
910 2124 993 2172 colore.
1027 2122 1123 2171 Etenim
1138 2121 1234 2169 abditur·
1249 2121 1275 2169 irs
1293 2134 1353 2168 ccco

256 2184 357 2295 “mira
366 2185 467 2296 mlta,
477 2199 530 2247 ouo
539 2189 652 2247 calcsscts
662 2187 738 2235 calore
746 2202 812 2250 nquoe
818 2185 944 2248 funestis,
954 2186 1056 2236 osterum
1064 2184 1188 2234 candidam
1198 2198 1291 2232 caruem
1301 2184 1353 2246 pis·

260 2259 310 2294 cscu
325 2248 406 2295 'istus
439 2249 521 2297 tentis.

291 2309 326 2358 Ar
334 2310 440 2374 aperitur
452 2312 540 2360 lbeoui
550 2326 643 2394 sappus
653 2313 713 2361 mibi
727 2311 825 2361 nimium
841 2313 942 2377 inipsus.
977 2314 1000 2360 0
1011 2327 1086 2376 muso,
1097 2326 1155 2362 curs
1173 2315 1201 2360 ut
1219 2309 1354 2371 restringas

704 2453 886 2474 mn

260 2550 338 2594 unte:
355 2511 504 2608 prinpuiesoe
528 2549 613 2597 reuas.’
635 2548 967 2613 Tolliur.-43A1.Algoso
987 2550 1065 2600 littori
1085 2552 1203 2600 concolora
1228 2555 1351 2600 ostrea.—

257 2613 290 2657 se
305 2609 456 2673 Suspicatur
465 2611 581 2674 Scaliger
591 2626 643 2661 non
653 2627 767 2676 curamus,
785 2615 830 2664 sed
842 2629 936 2678 scapum
947 2615 1084 2678 legendum
1096 2619 1228 2669 esse—tit
1239 2615 1350 2664 Vinctus

747 2751 856 2802 NOTAE

288 2845 321 2890 86
337 2841 470 2906 Masculus]
487 2842 572 2893 Plinio
587 2845 714 2894 musculus
731 2852 782 2895 tam
822 2848 923 2911 ejectus.

255 2913 385 2964 fluviatilis
406 2918 486 2979 piscis
505 2924 556 2979 est,
572 2934 648 2984 quum
660 2921 782 2982 murium,
852 2921 1127 2985 ttaieddomsomtch
1141 2920 1348 2984 Peripbrastlciss

255 3003 289 3037 ex
310 3003 398 3038 eorum
421 3005 524 3054 genero,
548 2994 592 3056 qui
614 3001 681 3043 testa
700 2995 782 3044 conti·
820 2996 942 3059 exprimit
952 2997 1183 3061 Epistulumsuum,
1189 2998 1242 3060 jorn
1251 2997 1349 3062 longio-

254 3069 365 3114 nentur:
382 3079 427 3113 nos
444 3068 604 3128 appellamus
615 3070 707 3118 Moutrs
724 3085 780 3119 vcr-
820 3085 951 3133 reru,esse
962 3071 1109 3121 finiendam.
1210 3101 1212 3104 -

253 3138 443 3187 nurnlunostro
454 3141 550 3203 lingua,
561 3144 633 3206 qnasi
644 3145 768 3195 Mausolus.
850 3151 883 3196 ts
907 3145 1032 3209 Campum]
1061 3145 1178 3208 Scaliger
1199 3145 1347 3208 corrigebat

285 3211 301 3240 *
316 3217 347 3261 tl
368 3214 401 3262 Ut
413 3219 499 3263 crescat
507 3215 609 3277 pretium
617 3220 708 3278 grande
715 3219 778 3281 peri·
817 3235 919 3284 scopum,
936 3222 984 3270 boc
996 3227 1046 3283 cst,
1061 3221 1226 3283 compositam
1238 3221 1264 3269 in
1276 3223 1347 3271 volu·

252 3285 322 3346 culis]
339 3286 578 3339 Huucsententism
590 3289 779 3341 mircillurtrst
818 3315 878 3350 men
896 3300 1019 3356 chartam,
1046 3299 1347 3362 Etneqmummen.

252 3360 390 3409 Petronius
420 3360 482 3410 dnm
510 3365 594 3413 canit:
623 3366 778 3430 ‘Ingeniosa
819 3375 877 3425 tior.
910 3374 1022 3436 eampum
1038 3373 1162 3436 papyrium
1178 3371 1282 3435 scripsit
1294 3371 1346 3421 Au·

251 3434 372 3498 gulaest.
404 3434 490 3486 Siculo
501 3453 590 3488 scaros
602 3455 705 3505 aequore
713 3457 777 3492 mer·
818 3449 912 3511 souius,
931 3447 1079 3511 intelligens
1099 3446 1298 3511 papyrianum
1319 3446 1344 3495 in

252 3522 295 3556 sus
309 3507 349 3558 nd
359 3522 472 3558 mensum
486 3513 557 3561 virus
570 3516 730 3578 perducitur,
741 3518 778 3567 in·
817 3537 868 3587 qua
878 3521 1008 3572 scribitur.

250 3581 423 3644 quenucrints
433 3585 513 3634 Eruta
522 3586 652 3640 littoribus
661 3591 777 3642 reurlont
848 3599 864 3627 ⁸
883 3598 930 3646 Far
946 3611 1051 3659 cunpuuu
1061 3597 1167 3659 replices,
1179 3596 1259 3658 Musa,
1268 3611 1344 3660 papy-

250 3657 382 3720 concbyliu
405 3674 501 3724 coenas,
523 3663 561 3712 Ut
582 3673 707 3715 reuoreut
729 3681 776 3730 per
815 3670 888 3733 num]
903 3671 955 3719 Pro
965 3684 1071 3733 campum
1082 3668 1220 3732 reponetur
1228 3669 1344 3732 Scaliger

250 3730 343 3780 dumus
359 3731 461 3785 fsnrem.
494 3737 553 3786 lam
570 3739 776 3792 Plrssidosuuds
815 3761 920 3809 scapum,
937 3759 1012 3809 quern
1031 3760 1064 3793 ex
1085 3743 1178 3792 Isidori
1199 3742 1287 3806 glossis
1305 3746 1343 3794 uit

249 3803 351 3854 Orbata
361 3816 400 3855 est
413 3809 520 3860 nvibus!
554 3812 653 3863 Plinius
668 3831 778 3880 quoquc,
816 3828 920 3870 centum
941 3828 1065 3867 tomorum
1077 3818 1171 3866 elrortoe
1182 3818 1285 3880 scriptu
1297 3834 1343 3867 un·

186 3895 189 3904 “
251 3877 311 3927 ‘¹⁰¹¹'
335 3882 471 3946 “dimus
494 3885 604 3936 Praefat.
627 3888 670 3938 lib.
692 3903 776 3942 xxrrr.
816 3908 913 3943 merum
924 3907 991 3942 esse.
1018 3893 1106 3955 Negat
1117 3905 1145 3940 sc
1156 3898 1244 3941 noster
1254 3906 1341 3942 assen-

247 3952 324 4041 ‘Heu
333 3957 480 4045 prodigiosa
490 3960 604 4023 ingenia!
616 3964 777 4016 Quotnrodis
815 3969 857 4018 tiri
868 3969 1007 4030 Scaligero.
1034 3967 1092 4020 Qus
1103 3966 1202 4015 ratione
1212 3966 1340 4017 adductus

248 4041 457 4094 aunmusprstra
468 4048 552 4085 rerum
566 4038 582 4085 l’
814 4043 958 4106 negaverit,
977 4041 1046 4092 silet.
1091 4039 1149 4090 Nec
1166 4039 1227 4089 mibi
1253 4042 1341 4105 placet

278 4109 310 4156 ⁴8
324 4107 447 4173 concolor]
463 4110 535 4178 Arga
546 4115 690 4170 scilicetud
701 4119 773 4170 littus
812 4117 938 4182 scaligeri
959 4115 1114 4168 emendstio.
1145 4115 1245 4180 scapus
1262 4117 1340 4180 enlm,
