2998 4884
579 353 758 404 novumn.

112 490 160 556 Et
175 493 311 556 tandem
327 494 443 577 primis
458 493 639 577 Belgarum
654 500 836 581 conspicor
850 500 920 564 oris

113 595 361 676 Nivomagum,
377 596 448 661 divi
462 604 577 662 eostre
590 599 717 682 inclyta
732 599 958 668 Constantini.

112 695 236 760 Purior
249 695 304 760 hio
319 699 451 781 eumpie
466 697 543 762 eiir:
567 699 785 786 Phoebusque
801 720 917 766 sereno

114 797 260 862 Lumine
275 817 480 882 purpureum
495 807 618 866 reseret
627 800 701 885 jem
715 802 821 867 sudus
838 802 1026 887 Olympum.

110 1031 224 1085 ιιιιιιιίι
233 1039 326 1088 dentem
335 1039 362 1088 ιἰι
372 1039 457 1102 primis
467 1039 559 1105 steihss
569 1041 698 1104 Belgarum
707 1043 795 1106 ospicio
812 1043 981 1106 Nicomngsm,
1000 1043 1040 1093 sbi
1049 1051 1104 1094 suet
1114 1045 1211 1094 celebria

113 1104 193 1148 cuum
205 1101 267 1150 Diei
278 1103 438 1154 Constantini.
471 1105 526 1154 lilio
542 1106 583 1156 uir
599 1112 634 1158 ιιι
648 1106 731 1170 perior
745 1107 772 1156 in
787 1109 891 1172 campis.-
910 1114 935 1158 et
950 1107 1058 1170 eor'jeo
1073 1108 1212 1160 ibiseressu

566 1345 568 1352 Ι
612 1275 719 1330 born
776 1351 782 1362 ι

111 1425 252 1489 vincendo,
279 1433 308 1478 et
335 1427 495 1492 ignoscendo
522 1427 643 1482 Soumeti-
683 1431 907 1498 ‘Neriomagum'
925 1446 1006 1498 pegus
1022 1431 1213 1484 estsdhlosel·

111 1501 190 1550 cnm!
216 1501 307 1552 Coloni
316 1503 353 1553 illi
363 1505 541 1558 Sauromatum
554 1507 642 1558 Hunni
682 1507 743 1571 lem,
776 1507 842 1560 infre
869 1508 1013 1574 Augustum
1038 1509 1213 1574 Trevirorum,

111 1583 189 1626 erent
199 1591 216 1627 e
225 1577 353 1629 Sarmatis
371 1579 455 1644 etihei,
472 1597 536 1647 qnos
548 1583 642 1634 Chorsos
681 1582 750 1632 houd
759 1584 870 1634 multum
881 1584 914 1634 eb
925 1599 956 1634 ee
967 1583 1076 1635 distans.
1096 1584 1211 1634 ‘Nume-

112 1658 140 1703 θῒ
154 1653 243 1714 cums
255 1660 282 1704 et
294 1657 370 1706 eom
381 1669 486 1722 quoque
503 1659 588 1710 dictos
602 1673 643 1710 re·
684 1658 734 1722 μ’
752 1658 779 1709 iu
789 1658 924 1709 historiole
932 1658 1009 1722 Tyrsi
1021 1658 1104 1719 ducis,
1112 1664 1141 1708 et
1151 1659 1212 1707 Pul·

110 1727 196 1792 perio.
229 1729 393 1781 Sauromates
407 1741 436 1782 et
446 1732 550 1784 chunos
561 1734 643 1785 Auso·
682 1732 954 1784 metiicousuliscnm
968 1733 1043 1784 sociis
1061 1732 1130 1798 sputi
1145 1734 1212 1784 Tre·

111 1805 170 1853 nius
180 1805 317 1870 conjungit
334 1807 360 1858 ln
379 1807 529 1872 precatione
547 1809 644 1860 Consu·
684 1809 765 1859 verim
793 1823 841 1875 per
862 1810 1051 1860 Rictioueriuru
1078 1821 1214 1873 cesorum,

109 1880 175 1929 leri:
210 1880 287 1932 ‘Qus
308 1896 374 1945 vegs
400 1883 565 1936 Sauromates
592 1886 644 1937 sibi
684 1886 758 1950 cnjus
768 1893 869 1950 purtem
880 1901 913 1937 ex
933 1887 1030 1937 inbelle
1048 1885 1075 1934 iu
1094 1885 1130 1935 l).
1143 1877 1213 1935 Peu‘·

106 1955 234 2018 junxerat
244 1957 347 2020 spurina
358 1957 452 2020 Chuni,
463 1960 575 2026 Quoque
591 1962 644 2014 Ge·
683 1963 730 2024 lini
749 1964 805 2014 aede
822 1977 947 2028 suspense
963 1961 1070 2012 exhibet
1086 1960 1213 2010 Freberus

112 2034 152 2080 tes
168 2033 248 2081 sociis
265 2032 361 2083 Istrum
372 2034 644 2088 ussultebetlilsuisr’
684 2037 897 2089 adhunclocum.
925 2039 1077 2096 Neomuuges
1085 2036 1213 2098 superiori

114 2113 143 2154 et
165 2106 359 2172 Epigrammete
378 2123 400 2158 1.
440 2109 537 2161 ‘Arme
564 2112 644 2168 inter.
683 2117 896 2173 utute,susrero
908 2109 1213 2174 Nymoegesdictunresse

112 2180 271 2248 Chunosque
280 2191 379 2249 truces,
388 2183 508 2250 furtoque
519 2192 643 2237 nocentes
683 2185 751 2236 idem
763 2191 914 2237 auctorest.
947 2184 1026 2258 Aliud
1038 2188 1079 2234 est
1094 2184 1102 2211 ‘
1114 2183 1212 2234 Novio-

111 2257 298 2311 Senrometas!
319 2261 355 2310 Et
363 2269 434 2312 certe
443 2275 562 2325 espersru
573 2261 644 2311 illem
682 2263 801 2328 ruugnm'
819 2265 846 2314 in
857 2261 966 2314 Geldris
977 2262 1009 2311 ed
1020 2261 1156 2325 Vnheleru,
1166 2261 1213 2310 Ni·

112 2334 255 2396 montibus,
271 2340 300 2384 et
317 2336 446 2386 horridum
465 2336 543 2401 sylvis
560 2336 643 2400 regio-
682 2353 772 2400 ιιιιςιιι.

112 2423 182 2472 uem,
192 2424 225 2459 uc
243 2411 367 2461 Sarmatis
379 2411 534 2477 Hunnisque
546 2414 643 2464 colonis
717 2414 805 2464 Caetra
815 2413 904 2476 incipio
917 2408 1081 2472 Constantios]
1098 2409 1213 2474 Scilicet,

111 2486 189 2548 plene
203 2485 401 2552 dignsm,qusrn
412 2487 454 2536 bic
466 2502 494 2537 se
506 2487 643 2551 trajecisse
684 2493 714 2537 ut
730 2487 848 2538 observet
861 2489 1000 2550 Freherus,
1017 2485 1213 2548 Constantinus,

112 2559 302 2614 Ausoniusuit.
334 2561 483 2613 Abllunsis
493 2563 646 2615 Heesstrscls
685 2562 790 2628 quondo
807 2563 1021 2626 Gelliesregens,
1034 2575 1092 2612 curu
1103 2560 1210 2612 Francis

111 2635 189 2688 bodie
211 2635 349 2701 nomineri,
369 2638 398 2688 id
420 2646 471 2702 est,
491 2639 645 2691 Hunnorum
684 2647 713 2688 et
722 2639 874 2689 Alemannis
892 2637 1077 2702 belligerabst,
1095 2637 1212 2700 prointu-

112 2711 275 2776 presidium,
285 2714 323 2764 eit
332 2713 470 2778 Freherns,
478 2715 523 2780 qni
532 2716 581 2766 hoc
590 2723 645 2782 ety-
685 2727 730 2764 rus
740 2715 783 2781 (ut
793 2714 979 2779 Panegyristes
990 2714 1045 2776 ejus
1054 2713 1111 2762 bnt.
1122 2711 1214 2764 Pecst.

111 2802 170 2838 mou
181 2790 291 2854 meruit,
303 2803 390 2855 quem,
399 2790 467 2856 quud
479 2793 557 2856 vulgo
572 2793 646 2856 jocu-
685 2791 834 2856 Drepeuius
845 2789 1049 2841 assentabnndus
1061 2786 1111 2852 eit)
1128 2788 1214 2850 impe·

112 2867 163 2917 leri
173 2867 281 2918 nourine
290 2866 380 2917 ierunt
390 2868 541 2929 Assumit,
559 2867 646 2930 idest,
686 2867 752 2916 rium
763 2881 779 2915 e
789 2867 874 2917 'lusco
883 2865 970 2915 Albula
982 2864 1014 2912 sd
1031 2863 1214 2912 Germanicum

112 2941 218 2992 dorsu·
230 2943 301 2993 cenis
316 2941 351 2993 eb
370 2942 517 3007 esperitste.
550 2944 593 2993 Ab
604 2945 646 2994 iis·
686 2943 778 3005 Attio,
788 2948 875 2992 cestre
886 2946 914 2990 et
924 2938 1021 2988 stativo
1036 2952 1083 2987 sun
1097 2936 1213 2988 hocloco

111 3016 174 3068 dem
194 3017 296 3068 Hunnis
312 3019 394 3068 multe
411 3018 507 3069 ibidem
525 3021 645 3070 castelio-
684 3015 781 3067 hebuit.
826 3016 885 3066 Quo
913 3019 1027 3077 tempore
1058 3012 1108 3062 elie
1134 3012 1213 3062 etism

113 3106 175 3142 rum
186 3098 215 3142 et
224 3093 337 3144 locurum
354 3094 643 3160 nomiosinciinstneg-
684 3105 766 3156 opere
783 3088 962 3140 memorabilie
980 3089 1007 3138 iu
1024 3087 1075 3138 illis
1095 3088 1213 3152 pertibus

111 3167 203 3218 noscit
213 3167 282 3218 idem
297 3169 440 3230 Freberns3
457 3169 578 3220 Ηιιιιιιιίιι
597 3184 644 3219 erx
684 3169 789 3220 struxit.

112 3241 280 3306 Hunnorum,
293 3244 420 3294 Cnssslbun
429 3244 644 3295 Hunnornruoes·
716 3248 748 3294 12
764 3245 854 3294 Porioi·
862 3244 909 3303 Hc,
922 3243 976 3307 isc]
991 3244 1032 3293 Ex
1043 3247 1118 3292 sexto
1129 3241 1214 3292 hinet·
1229 3245 1230 3248 ’

112 3317 217 3381 tellum,
227 3317 360 3368 Huticior
380 3319 532 3369 Hunnorum
552 3334 643 3384 pegus,
684 3319 739 3369 dos.
772 3319 867 3370 Purior
882 3318 1222 3388 Niromegistlbiosellemy

112 3391 263 3444 Ηιιιιιιιὸιιιι
273 3392 426 3444 Hunnorum
439 3392 505 3444 fons.
684 3395 739 3458 ιὸι,
758 3410 834 3460 quum
847 3410 894 3459 per
909 3401 990 3446 totum
999 3395 1051 3444 iter
1061 3393 1155 3458 Bingio
1166 3394 1214 3444 Ni·

148 3471 179 3517 1o
197 3469 234 3518 Et
245 3471 338 3518 tndem
347 3469 431 3532 primis
442 3470 580 3531 Rcigoruse,
589 3469 643 3533 bn]
685 3484 821 3533 vomugurn
830 3469 924 3520 fueret.

111 3542 223 3593 Treveri
234 3543 330 3607 qnippe
342 3544 373 3594 etl
388 3545 494 3608 primum
512 3545 644 3608 Belginum
717 3546 732 3576 '
750 3546 849 3609 Portos,
861 3546 899 3594 lic
912 3544 1076 3608 computo]
1094 3543 1215 3608 Pohtcur,

112 3618 265 3680 pertinent:
277 3617 406 3670 Ammieu.
417 3620 535 3670 Marcell.
544 3619 589 3669 lib.
597 3633 645 3671 xv.
685 3623 770 3687 inquit
791 3622 928 3683 Freherns,
953 3620 1039 3670 subito
1060 3619 1215 3669 iruneleturu

112 3693 200 3744 ‘Post
210 3693 258 3744 bus
276 3693 385 3756 Belgica
402 3695 484 3758 prims
503 3695 645 3746 illedioms-
685 3699 781 3748 dixeris
797 3697 824 3746 in
840 3697 941 3760 Elysios
953 3694 1110 3760 campomis
1121 3695 1215 3760 quibus

112 3769 192 3819 tricos
202 3769 355 3834 pretendit,
367 3778 395 3820 et
405 3771 526 3822 Treviros
538 3771 645 3823 domici·
685 3773 822 3838 iteVirgii.
832 3779 906 3823 sexto
914 3771 1015 3822 AEueid.
1023 3771 1069 3822 lib.
1081 3785 1147 3821 sere.
1155 3775 1214 3820 blo.

112 3845 177 3896 lium
187 3844 341 3909 Principum
355 3846 471 3897 clerum*
503 3848 539 3898 Et
556 3849 647 3900 'l'reei-
686 3863 743 3913 quse
752 3845 1091 3897 Nosterimitetusuidetur:
1104 3845 1215 3894 ‘Potior

112 3936 201 3972 rorum
213 3927 272 3972 erut
284 3921 466 3986 Nicomepum,
484 3937 530 3974 seu
548 3923 646 3974 Novio·
685 3924 728 3974 hic
747 3937 852 3986 campos
867 3921 966 3983 AEther,
978 3925 1006 3972 et
1021 3921 1115 3970 iumine
1133 3918 1214 3967 vestit

114 4009 220 4060 megum
231 3995 306 4060 iiiut,
316 3996 349 4046 oe
360 4013 411 4062 quo
422 4013 490 4048 mox.
686 3998 839 4062 Purpureo‚'
856 4001 905 4048 &o
941 3998 1012 4048 bleie
1022 3994 1090 4059 epud
1102 3992 1213 4042 'l'ollinm

151 4075 179 4120 ll
198 4071 370 4134 Nicomogum]
396 4073 427 4123 ln
445 4073 583 4124 Itinernrio
595 4072 646 4124 An·
686 4074 781 4138 legitur
803 4089 836 4122 ex
858 4074 972 4124 Frehero
992 4070 1057 4122 iliud
1075 4069 1213 4134 allegante,

113 4146 210 4211 toninl,
231 4147 304 4197 etin
327 4147 417 4198 tabule
435 4145 647 4215 Peutingeriunu,
686 4148 833 4212 compisn‘ssr.
