3016 4894
585 373 785 427 El’lfl‘l'OlrAE.

134 519 281 585 Audivi:
304 463 503 602 meminique
517 519 624 584 bonos
637 520 778 586 laudare
793 518 998 604 frequentem

132 700 215 764 audivi
225 701 274 750 illie
284 718 337 766 qaoe
350 703 416 751 modo
426 701 497 752 dixi:
513 705 535 754 et
544 701 652 754 recordor
661 703 745 754 multoe
754 701 819 752 oiros
825 701 909 768 probos
919 702 967 756 aa
978 703 1073 756 uuum
1083 705 1173 760 solitos.

632 845 739 896 NOTAE

132 947 289 992 reametur.
317 940 411 990 llorst.
436 941 481 990 lib.
504 955 536 992 rr.
557 943 612 993 Sat.
629 957 661 993 rr.
701 944 733 994 srl
751 951 872 1009 parentes
887 961 954 998 snos.
985 947 1120 998 Turnebus
1136 965 1169 1000 ex
1186 963 1229 1000 en·

131 1017 250 1066 ‘Licebit
260 1017 310 1066 Ille
321 1018 432 1081 repotia,
443 1019 553 1081 natales,
565 1020 661 1070 aliosve
701 1023 761 1074 dem
769 1021 873 1076 Acrone
884 1031 960 1090 putat
975 1025 983 1053 ‘
994 1024 1110 1092 repotia*
1127 1040 1229 1097 quoque

133 1093 236 1144 dierum
248 1095 339 1143 Festos
351 1095 452 1146 albatus
463 1095 598 1148 celebret!
617 1096 661 1146 Ad
701 1099 771 1150 dicta
780 1114 839 1148 esse
850 1100 968 1150 convivia
988 1115 1044 1166 quae
1063 1100 1229 1152 celebraban-

132 1170 542 1235 qnemlorunrAeron‘repotia'
554 1175 664 1237 exponit
701 1183 743 1226 tur
761 1177 847 1227 liberis
864 1178 942 1241 natis,
961 1194 1026 1244 quos
1046 1185 1165 1242 parentes
1181 1182 1228 1230 tol·
1301 1201 1303 1210 ·

132 1246 303 1295 secunduma
322 1246 419 1311 nuptiis
438 1247 515 1310 diem,
532 1249 661 1311 velsepti·
701 1253 755 1302 lere
766 1253 952 1304 decreuissent.

133 1337 203 1374 mum
220 1338 272 1389 quo
282 1325 377 1374 soleret
394 1339 461 1379 nora
478 1331 562 1392 nupta
576 1326 663 1380 reone

426 1574 466 1624 x,
491 1573 682 1624 ausonius
705 1577 842 1626 ranno.
885 1562 951 1626 399

134 1693 175 1758 St
193 1716 261 1778 qua
274 1695 360 1760 fides
374 1693 470 1759 falsis
484 1714 630 1779 unquam
647 1704 700 1770 est
716 1694 904 1762 adhibenda
918 1697 1040 1782 poetis,

180 1795 255 1862 Neo
270 1797 404 1880 plasma
418 1816 549 1880 semper
563 1795 715 1875 allinunt,

134 1897 254 1976 Panlo,
276 1899 512 1966 Camoenamm
525 1895 737 1964 celeberrime
751 1898 978 1966 Castaliarum

171 1998 324 2066 'alumne
339 1999 521 2084 quondam,
542 2020 626 2064 nuno
641 2006 749 2086 pater,

134 2099 206 2166 Aut
219 2121 315 2180 avua,
337 2107 396 2166 ant
411 2102 547 2187 proavis
562 2101 743 2185 antiquior,
765 2107 804 2168 ut
816 2103 882 2168 suit
897 2105 977 2169 olim

178 2202 424 2268 Tartessiorum
438 2203 587 2286 regulus:
601 2209 604 2212 '

135 2303 341 2369 Intemerata
355 2306 416 2369 tibi
430 2312 587 2370 maneant
599 2306 768 2388 promissa
781 2315 958 2372 memento.

181 2406 334 2473 Phoebus
350 2405 448 2494 jubet
467 2427 580 2472 verum
598 2408 703 2492 loqui.
721 2395 724 2404 ’

136 2509 181 2574 Et
195 2511 223 2572 si
240 2509 369 2574 Pierias
384 2509 508 2597 patitur
521 2511 617 2576 lirare
632 2529 774 2588 sorores,

180 2611 362 2698 Nunquam
379 2612 452 2696 ipse
466 2618 597 2696 torquet
611 2609 739 2678 αὔλακα.
1187 2619 1232 2684 10

167 2793 198 2843 ut
207 2809 307 2858 anquam
318 2797 457 2846 medendam
466 2802 502 2846 est
511 2796 588 2860 politis
597 2797 754 2858 mendacibus,
765 2810 837 2862 aeque
847 2811 936 2860 seraper
944 2797 981 2848 illi
989 2797 1098 2847 orllrilent
1167 2804 1231 2860 ento,

135 2876 150 2907 o
170 2859 253 2920 Paule,
275 2861 402 2909 clarissime
418 2876 537 2910 musarum
555 2862 702 2910 Castalidum
723 2861 777 2909 olim
793 2863 894 2916 alumne,
911 2877 971 2910 auno
980 2867 1057 2924 puter,
1072 2877 1100 2910 oe
1119 2879 1184 2923 nous,
1196 2865 1233 2911 vel

136 2923 250 2972 uetustior
257 2925 360 2986 proavis,
371 2925 432 2974 meat
441 2941 486 2974 rea
498 2924 668 2974 Parteniorum
679 2925 862 2988 qnoadnmsm't:
877 2927 908 2973 do
918 2940 1020 2987 operum,
1031 2932 1057 2973 ut
1069 2930 1110 2974 tuo
1118 2928 1233 2988 proruisse

135 2992 247 3036 masat
263 2989 387 3038 inamlota.
420 2989 614 3052 Apollos'mperat
625 2995 651 3037 ut
662 2987 852 3038 emendicetur.
894 2989 930 3037 Ar
946 2989 1234 3052 siprmitts'trstsororss

135 3051 227 3103 Pierio
236 3053 345 3115 delirent,
359 3054 408 3118 ipse
427 3067 545 3118 nusquarr
557 3053 745 3104 amorraeum.
779 3054 819 3102 Ne
830 3059 854 3102 te
864 3053 935 3102 etiam
944 3054 1058 3116 poealteot
1069 3056 1134 3116 parts·
1144 3070 1233 3108 moun

617 3196 727 3250 NO'l'AE

170 3293 634 3360 2Pluamo]Figmentum,armris·ro.
707 3295 840 3360 octoginta
867 3295 992 3358 tenuisse,
1021 3297 1112 3362 sieque
1138 3297 1234 3350 vixisse

168 3370 438 3434 ammanuensium]
456 3371 667 3427 Cumarudieba-
707 3385 788 3421 annos
811 3372 902 3434 viginti
924 3379 1132 3435 remeantum.
1164 3373 1234 3425 Ana-

138 3447 184 3496 ris.
707 3461 794 3509 oreon,
806 3447 916 3498 testibus
934 3449 1021 3498 Plinio
1035 3454 1063 3499 et
1081 3449 1195 3500 Luelano
1207 3451 1234 3500 ln

171 3522 327 3585 Naarpnter]
340 3522 575 3575 Cumsliosdoees.
706 3521 859 3585 Macrobiis,
883 3530 988 3573 centum
1008 3524 1033 3574 ei
1059 3531 1088 3574 et
1109 3525 1233 3590 quinqua-

170 3603 187 3647 5
208 3599 300 3658 Utsrrit
310 3599 377 3662 olim]
391 3599 449 3649 Non
461 3601 605 3662 Musarum,
620 3599 667 3648 sea
707 3600 777 3661 ginta
789 3600 850 3649 vitan
867 3613 946 3650 annos
958 3601 1059 3650 tribuit.
1090 3600 1169 3655 Silius
1180 3601 1235 3652 rta-

137 3680 263 3740 nepotum
274 3682 303 3725 et
311 3683 483 3738 pronepotum
495 3691 599 3724 suorum
609 3689 667 3738 pro·
707 3675 771 3724 lieus
789 3681 931 3738 trecentos,
948 3675 987 3725 his
1007 3676 1121 3726 versibus
1132 3677 1177 3726 itt.
1188 3692 1233 3726 rrr.

137 3765 212 3812 avus,
228 3757 274 3801 ant
288 3766 385 3814 proavo
397 3751 534 3818 antiquior,
543 3751 668 3802 Tartessi·
707 3749 950 3814 ‘Arganthoniaoos
966 3759 1048 3801 ararat
1067 3753 1173 3802 Carteia
1189 3767 1234 3802 ne·

138 3827 392 3888 orumillaregnlus.
708 3832 792 3890 potes.
824 3828 881 3876 Rex
896 3829 1001 3890 proavis
1015 3825 1067 3876 tirit
1083 3827 1235 3876 lsumsnidi·

170 3908 188 3952 o
206 3903 377 3952 Tartessiorum
396 3903 503 3966 remulus]
524 3903 667 3968 Argantho-
708 3903 820 3953 tissimus
833 3905 891 3965 avt,
902 3905 955 3952 'rer
965 3903 1044 3952 rienes
1055 3902 1234 3954 declesemen·

139 3979 197 4029 nins
212 3979 398 4028 Tartessiorum
422 3981 511 4043 populi
533 3979 667 4043 Hispania
707 3994 749 4028 sns
760 3980 866 4042 belliger
877 3978 976 4030 annos!

137 4056 167 4105 in
178 4055 309 4107 Gaditano
319 4057 407 4106 littore
425 4071 481 4117 rex,
497 4071 573 4121 quem
583 4057 667 4106 Hero-
740 4061 757 4109 9
775 4057 808 4104 Et
824 4056 954 4106 siPierias
965 4055 1059 4118 potitar
1073 4052 1157 4115 luere]
1175 4052 1234 4104 ‘Li-

139 4133 216 4183 dotna
238 4132 265 4182 in
293 4133 349 4182 Clio
377 4133 414 4184 ait
436 4133 668 4197 quadragenarium
708 4131 835 4181 rare’lrie
845 4138 886 4182 est
897 4131 1018 4192 delirare,
1028 4131 1076 4180 lroe
1088 4129 1234 4193 est,slira,

140 4209 215 4273 regni
225 4209 338 4260 habenas
350 4209 461 4272 cepisse,
480 4215 508 4260 et
523 4223 570 4274 per
589 4223 669 4259 annos
709 4221 753 4257 ssn
766 4213 837 4257 recto
848 4209 930 4274 sulco,
939 4213 985 4258 aut
994 4206 1079 4271 potins
1090 4221 1179 4271 porca,
1189 4221 1235 4258 seu

206 4289 294 4354 Delplr.
303 4295 326 4341 et
338 4289 395 4341 Ver.
408 4291 473 4340 clos.
644 4291 733 4340 Aaron.
1110 4292 1126 4338 2
1144 4288 1169 4337 X
