3016 4894
297 395 363 460 bil
770 401 926 453 nusonn

300 551 375 616 Noc
391 570 459 614 non
473 548 593 614 lascivi
610 546 757 617 Floralia
769 547 850 611 laeta
863 544 995 622 theatri,

344 652 432 730 Quas
449 654 601 734 spectare
614 649 743 728 volunt,
758 649 816 732 qui
830 647 981 725 voluisse
995 651 1130 729 negant.

236 791 240 798 ·
301 753 404 818 Nunc
420 753 521 818 etiam
533 756 664 818 veteres
680 751 887 816 celebrantur
901 748 1043 833 Equiria
1055 749 1137 813 ludi.

214 843 223 864 ’
343 856 459 920 Prima
472 854 548 920 haec
564 853 738 918 Romanus
751 853 889 917 nomina
903 851 1024 917 Circus
1036 852 1147 917 hebet.

300 1104 407 1156 floralia
417 1105 473 1153 loto
483 1117 535 1166 quc
544 1101 691 1152 conlocetur
701 1101 785 1150 loscim
800 1101 827 1150 le
842 1101 942 1164 theatro,
958 1114 1010 1163 quoe
1023 1099 1061 1149 illi
1070 1099 1119 1162 ipsi
1128 1105 1239 1164 cuperent
1250 1099 1347 1164 cidisse,
1358 1103 1403 1165 qai

300 1175 388 1231 segont
408 1184 434 1217 ee
451 1181 542 1230 cupere.
576 1167 752 1230 Flentpuopue
768 1179 829 1214 susc
849 1167 900 1215 ledi
915 1165 1009 1228 osthsd
1029 1164 1089 1214 dicti
1103 1163 1215 1228 Epcirio.
1248 1165 1403 1215 Hocaomcn

301 1239 337 1282 cot
348 1235 461 1290 hadmar.
472 1233 513 1295 qui
525 1231 600 1294 primi
616 1230 675 1281 editi
693 1236 748 1280 onst
767 1231 794 1280 ιἰι
807 1231 869 1280 circo
880 1231 997 1282 Romano.
1030 1229 1108 1280 Romo
1125 1245 1214 1294 quoqne
1235 1229 1337 1280 celebret
1354 1231 1402 1279 sab

799 1421 904 1474 NOTAE

303 1563 373 1637 eram
394 1600 441 1651 per
463 1599 554 1635 nomen
574 1585 655 1648 ipsios
677 1583 831 1634 confirmata
864 1588 1020 1648 metente,
1036 1583 1156 1646 populos,
1172 1589 1202 1632 nt
1216 1581 1304 1632 Mimo
1319 1582 1404 1632 noda·

302 1669 420 1726 pauloet
440 1660 573 1725 promissa.
606 1659 724 1708 Decimae
742 1661 767 1708 ei
785 1660 830 1708 bo·
870 1666 969 1721 rentur,
986 1659 1117 1722 postulare
1129 1657 1246 1709 erubuit:
1263 1658 1404 1722 quodcum

303 1752 394 1788 norum
412 1753 428 1786 a
444 1737 621 1797 moltlsootae,
637 1743 665 1784 et
684 1735 831 1798 persolutae.
871 1751 904 1785 ex
915 1735 1028 1785 Favonio
1047 1735 1201 1785 amicissimo
1218 1735 1267 1786 sibi
1286 1750 1338 1785 une
1360 1751 1403 1786 se·
1494 1765 1499 1774 .

303 1814 420 1865 Quonam
431 1820 517 1863 autem
529 1812 571 1861 die
583 1811 684 1861 Natalis
696 1813 753 1874 ejus
764 1813 831 1861 cele·
871 1811 951 1861 deute
962 1812 1136 1874 cognovisset,
1152 1810 1274 1860 discessit
1292 1825 1307 1860 e
1328 1811 1405 1860 thea-

303 1889 424 1939 braretur
434 1903 486 1939 non
496 1887 607 1938 invenio.
872 1893 921 1949 tro,
936 1901 970 1936 ne
979 1887 1175 1950 praesentiusue
1185 1887 1329 1949 spectaculi
1340 1901 1404 1936 con·

339 1965 457 2016 Vebrotie
468 1963 563 2026 lsiocoe]
580 1961 768 2012 Kalendarinm
779 1963 832 2010 Ve·
872 1963 1034 2013 suetudinem
1046 1963 1199 2027 impediret:
1216 1977 1292 2027 quem
1304 1963 1403 2012 abeun-

304 2048 345 2092 tos
366 2053 417 2091 vu.
438 2041 479 2090 ld.
498 2039 604 2090 Jenuer.
626 2037 718 2087 habet:
737 2036 833 2086 ‘Isidis
872 2045 925 2088 tem
938 2037 1037 2102 ingenti
1048 2040 1137 2102 plausu
1154 2039 1264 2102 popolus
1282 2053 1404 2101 prosecu-

304 2119 387 2180 εφιξιι,
398 2116 424 2166 id
437 2123 488 2178 eet,
500 2129 629 2166 accessos.
640 2111 720 2164 Plot'
741 2113 832 2176 Respi·
873 2121 925 2177 tus,
942 2115 1055 2179 priscum
1065 2127 1162 2164 morem
1168 2115 1288 2178 jocorum
1302 2115 1330 2163 in
1347 2129 1403 2164 sce·

303 2195 341 2243 cit
360 2194 451 2256 procul
469 2192 549 2241 dnbio
568 2191 600 2240 ad
611 2191 689 2240 Isidis
704 2203 833 2256 pompam,
872 2205 931 2241 nom
958 2191 1106 2250 revocavlt;
1130 2189 1264 2240 confessus
1290 2191 1350 2253 plns
1374 2205 1403 2239 se

304 2283 379 2333 quam
400 2267 459 2316 inse
485 2261 758 2330 describit‘rlpoleius
785 2267 831 2318 lib.
872 2267 1015 2331 mejestatis
1036 2267 1080 2315 uui
1102 2265 1224 2328 tribuere,
1249 2279 1325 2329 quom
1346 2268 1403 2316 nni·
1498 2279 1499 2286 ¹

305 2341 481 2405 Metamorpb.
493 2354 533 2390 xi.
554 2348 582 2389 et
600 2342 673 2404 cujus
686 2347 789 2406 tempus
806 2349 833 2392 et
863 2355 947 2391 ‘verso
958 2341 1006 2391 sibi
1022 2341 1174 2391 viudicare.’
1204 2341 1325 2390 Institnti
1342 2348 1404 2391 sunt

303 2433 407 2469 causam
416 2418 465 2467 sibi
481 2417 517 2466 sic
533 2425 681 2467 narrantem
691 2418 774 2481 ipsam
785 2419 833 2468 lei·
872 2419 897 2466 hi
909 2417 963 2467 lndi
976 2431 1041 2466 anuo
1061 2416 1228 2466 U.C.nxv1.
1246 2421 1315 2466 teste
1331 2417 1402 2467 Plin.

305 2495 363 2543 dem
372 2495 486 2543 inducit:
505 2494 513 2520 ‘
524 2493 610 2553 Diem,
618 2493 662 2556 qui
672 2493 727 2542 dies
738 2509 771 2543 ex
782 2495 833 2543 isto
874 2504 960 2544 nxxc.
974 2508 990 2542 a
1001 2495 1029 2542 1..
1041 2493 1191 2542 Postbumio
1203 2491 1298 2542 Albino
1316 2500 1345 2543 et
1364 2493 1404 2544 M.

228 2613 235 2632 ,
304 2567 834 2634 noctenascetur,aeternamihinoncopa·
873 2567 1346 2631 Papillcbaenotetloes.testeOvid.
1377 2568 1402 2618 A

304 2646 344 2694 vit
354 2646 444 2710 religio
454 2661 461 2694 ι
471 2659 521 2710 quo
532 2645 628 2694 sedatis
636 2645 758 2708 hybernis
768 2653 833 2696 tem·
873 2645 949 2694 Flora
960 2643 1098 2694 meretrice
1110 2640 1242 2693 institutos
1254 2650 1346 2692 auctor
1362 2649 1405 2692 eat

306 2720 458 2784 peantium,
466 2726 493 2769 et
503 2721 587 2769 lenitis
597 2721 675 2768 maris
687 2722 833 2783 procellosis
873 2719 1029 2770 scholiastes
1047 2719 1182 2771 luvenalis
1203 2717 1236 2767 ed
1253 2733 1322 2768 vers.
1345 2723 1403 2770 249.

306 2795 438 2857 fluctibus,
455 2796 592 2858 navigabili
605 2797 661 2858 jum
673 2798 774 2860 pelago,
791 2812 833 2846 ru·
873 2795 928 2847 Set.
940 2811 978 2846 vr.

307 2872 365 2922 dem
392 2871 541 2922 dedicantes
564 2873 686 2932 carinam,
710 2871 836 2932 primitias
907 2875 940 2921 26
958 2871 1018 2926 Qec
1039 2877 1144 2936 spectare
1164 2871 1254 2933 colunt,
1270 2871 1325 2935 lfa]
1345 2871 1404 2920 Ma·

306 2953 464 2996 commeatus
486 2947 571 2995 libent
592 2947 643 2994 mei
664 2946 835 2996 Sacerdotes?
858 2971 861 2976 ·
874 2945 945 3010 ligne
956 2948 1005 2995 hoc
1017 2945 1043 2994 ln
1054 2945 1130 2995 fictos
1141 2947 1253 2996 Catones
1265 2946 1371 2996 dictum.

307 3029 349 3076 De
357 3027 428 3077 Iside
436 3027 568 3090 Hyginus:
580 3028 587 3054 ‘
599 3025 716 3075 Velificla
726 3027 835 3089 primum
907 3026 940 3070 27
958 3021 1071 3086 aquilea]
1090 3023 1195 3072 Festos:
1216 3022 1348 3089 ‘Equitio
1366 3024 1404 3072 lo·

306 3102 470 3152 iuvenitlsls.
486 3104 554 3152 Nem
566 3101 834 3165 dumqoaeritHarpo·
876 3097 911 3155 di,
929 3113 993 3162 quos
1006 3099 1129 3148 Romulus
1140 3099 1219 3148 Marti
1231 3099 1346 3147 instituit
1357 3114 1405 3163 per

307 3185 404 3226 cratem
413 3177 493 3224 filiium
503 3191 584 3236 suurn,
593 3184 649 3224 rate
662 3175 820 3226 velificavit!
876 3190 997 3240 equorum
1009 3189 1123 3238 cursum,
1132 3177 1176 3240 q'ul
1188 3177 1215 3224 ln
1227 3189 1319 3238 campo
1332 3177 1404 3224 Mar-

338 3257 369 3300 25
388 3251 588 3300 Necnonluscioi
600 3251 713 3310 Floralia,
724 3250 779 3313 isc]
799 3250 834 3299 Hi
876 3251 1131 3302 tioexercebantur!
1160 3252 1227 3300 Bina
1240 3249 1313 3298 fuere
1326 3251 1405 3315 Equi-

307 3326 360 3374 lndi
372 3326 398 3374 in
409 3325 460 3374 fine
472 3325 571 3389 Aprilis
582 3331 608 3373 et
620 3325 685 3373 Maii
697 3324 771 3375 initio
788 3325 834 3374 fic·
875 3327 914 3375 ria
925 3328 951 3376 in
963 3328 1059 3390 Campo
1071 3327 1179 3390 Martio,
1196 3330 1251 3389 ant,
1266 3325 1287 3372 si
1303 3324 1404 3375 Tiberis

308 3401 371 3449 bant
382 3402 408 3449 in
422 3401 503 3450 Florae
517 3403 580 3450 Deae
597 3398 688 3449 horum
703 3399 836 3461 honorem,
874 3402 1033 3465 inundasset,
1050 3405 1076 3452 in
1094 3409 1182 3453 monte
1194 3401 1404 3462 Coelio,lococni

308 3483 338 3524 ut
357 3483 452 3523 concta
470 3476 535 3524 bene
555 3472 766 3534 deflorescerent,
783 3489 834 3524 non
874 3484 1117 3541 proptereenomen
1134 3483 1192 3527 eret
1203 3479 1211 3504 ‘
1224 3477 1321 3539 Compo
1333 3477 1406 3524 Mar·

307 3553 362 3601 sine
375 3553 501 3602 obscoenis
521 3553 689 3600 Meretricum
710 3551 834 3602 nudarum
876 3553 948 3615 tiali,'
964 3559 1032 3603 teste
1044 3553 1136 3602 Festo:
1156 3553 1239 3600 altera
1257 3565 1346 3600 mense
1357 3551 1406 3599 Fe-

308 3628 496 3678 saltetionibos.
533 3628 600 3676 Vide
629 3627 708 3678 Ovid.
735 3627 781 3680 lib.
808 3643 834 3679 v.
876 3628 979 3677 bruerio
990 3641 1032 3677 ιιι.
1048 3629 1109 3678 Kal.
1123 3627 1203 3677 Mart.
1221 3629 1302 3677 altere
1321 3627 1406 3690 pridie

308 3703 380 3752 Fast.
414 3703 507 3752 Eonnn
519 3704 706 3767 turpitudinem
718 3703 834 3754 ludorum
875 3701 937 3750 Idus
958 3703 1065 3765 Martii3
1093 3709 1121 3752 et
1141 3708 1270 3766 praeterea
1293 3702 1335 3751 «lie
1363 3707 1404 3752 18.

309 3777 474 3840 exagitarunt
498 3779 535 3828 D.
557 3778 727 3843 Augustinus,
753 3777 835 3828 Arno·
875 3774 982 3840 Aprilis,
995 3777 1037 3841 qui
1049 3784 1090 3826 est
1101 3789 1160 3829 xlv.
1171 3779 1231 3828 Kal.
1241 3778 1315 3838 Mali,
1326 3775 1405 3841 Equi·

308 3854 373 3913 blus,
390 3860 418 3902 et
439 3855 589 3904 Lactantius
606 3855 758 3904 Finnianus.
792 3856 835 3905 lu·
875 3853 912 3900 ria
928 3853 955 3900 io
974 3853 1051 3902 Circo
1069 3853 1194 3919 Maximo,
1210 3868 1269 3904 eum
1280 3853 1404 3916 Vulpiurn

309 3930 390 3991 signio
404 3929 430 3976 iu
444 3928 550 3977 (totonis
566 3930 688 3978 honorem
709 3935 784 3979 extat
803 3931 835 3978 de
877 3927 1060 3978 combustione.

308 4003 347 4052 his
366 4003 433 4052 ludis
452 4003 522 4052 locus
538 4005 606 4067 apud
618 4005 678 4052 Vel.
692 4003 837 4054 Maximum
909 4006 941 4050 28
960 3997 1044 4051 Primo
1055 4003 1104 4052 luae
1115 4003 1234 4053 Romanus
1244 4003 1339 4052 nomino
1348 4003 1403 4052 Cir-

309 4079 355 4127 lib.
379 4091 411 4128 rr.
436 4093 495 4141 cap.
518 4077 625 4126 ultimo:
646 4078 781 4141 ‘Eodem'
797 4080 837 4129 Μ.
876 4091 916 4126 cos
927 4077 1008 4140 lohet]
1025 4079 1083 4130 Hoc
1094 4085 1145 4142 est,
1162 4081 1218 4128 haec
1231 4081 1314 4142 prima
1332 4091 1406 4142 spec·

310 4153 410 4202 scillcet
429 4154 520 4204 Portio
530 4155 645 4216 ὰΟιιιοιιιι,
661 4155 765 4204 ‘Ludos
776 4155 835 4203 Flo·
860 4187 863 4195 ·
877 4153 963 4202 tscule
973 4151 1087 4218 fuernnt,
1105 4169 1161 4220 quae
1173 4156 1200 4203 ln
1213 4155 1288 4205 Circo
1301 4151 1403 4204 exhibe·

310 4227 386 4291 relos,
402 4241 465 4293 qnos
482 4229 595 4279 Messius
607 4229 696 4279 AEdilio
713 4228 835 4294 iaciebat,
877 4237 975 4280 rentur.
