3000 4882
272 374 338 446 reu
736 391 890 442 nuscum
938 367 942 377 “

272 531 438 614 Inspirata
452 528 570 594 dehine
586 535 682 598 rento
696 531 846 596 cantavit
860 531 998 604 arundo.

273 634 376 698 Lacte
390 632 500 698 incide
513 638 630 699 notas:
652 652 806 699 arescens
820 633 936 698 charta
950 636 1077 704 tenebit

272 736 414 818 Semper
427 733 634 818 inaspicuas:
657 733 837 816 prodentur
852 736 977 818 scripta
989 735 1127 803 favillis.

271 835 339 902 Vel
352 835 640 901 Lacedaemoniam
655 836 805 918 scytalen
819 836 959 914 imitare,
974 837 1081 906 libelli

272 939 429 1022 Segmina
443 936 617 1020 Pergamei
631 938 725 1003 tereti
739 937 943 1004 circumdata
957 939 1046 1021 liguo

272 1040 440 1124 Perpetuo
453 1040 637 1108 inscribens
650 1059 770 1109 versu:
793 1041 850 1124 qui
866 1040 985 1106 deinde
998 1041 1129 1111 solutae
1322 1042 1367 1108 25

272 1142 352 1208 Non
365 1142 605 1225 respondentes
619 1161 738 1226 sperno
754 1143 851 1214 dabit
865 1143 1128 1221 ordineturmaa,

272 1245 390 1314 Donec
405 1244 588 1308 consimilis
603 1244 684 1327 ligni
698 1245 881 1329 replicetur
896 1246 931 1312 in
946 1247 1068 1312 orbem.

272 1347 465 1412 innumerae
480 1365 621 1429 possum
636 1347 769 1415 celandi
782 1348 955 1414 ostendere
971 1349 1105 1426 formas,

271 1562 331 1612 illud
340 1563 435 1614 cecinit.
468 1563 575 1615 lercrtbe
584 1565 666 1618 litem
677 1567 751 1616 lecte:
765 1566 857 1627 clerte,
865 1565 1001 1625 censuerit
1011 1566 1081 1625 mec,
1092 1563 1203 1616 retinebit
1213 1579 1260 1626 eae,
1270 1579 1312 1616 aee
1322 1575 1367 1614 atr·

271 1643 341 1690 gean
346 1633 457 1691 poterunt
467 1631 555 1693 arpini:
571 1635 597 1678 at
606 1646 656 1694 que
666 1631 784 1693 inscripta
788 1629 892 1694 suerint,
901 1630 1044 1694 apparebant
1054 1628 1171 1680 cineribus
1180 1630 1290 1696 asperula
1314 1630 1367 1696 Ant

270 1691 367 1742 inritare
377 1693 489 1758 scytalen
506 1695 654 1757 Lambrum
673 1697 853 1745 cimmeriam
868 1695 947 1744 baculo
957 1698 1057 1743 retunde
1066 1699 1187 1756 regmenta
1197 1692 1369 1744 membranacei

270 1755 336 1819 libri,
347 1762 371 1806 et
381 1757 408 1807 ie
418 1758 450 1807 iir
459 1758 562 1808 reribem
570 1760 644 1808 linear
651 1774 695 1822 per
705 1764 779 1809 totam
790 1761 864 1809 baruti
874 1759 1058 1821 lorgbudiaem
1073 1773 1126 1821 gre
1132 1764 1213 1821 portea
1222 1759 1306 1808 colata
1322 1773 1365 1807 ee·

270 1819 380 1870 bibebant
391 1824 472 1874 ordine
482 1824 575 1886 turbato
586 1823 668 1874 literar
677 1823 724 1874 eibi
734 1824 833 1881 inuicem
844 1839 891 1876 nce
905 1829 1069 1890 congruenter,
1083 1837 1201 1888 ‚auumque
1218 1823 1369 1890 remluantrrr

270 1882 297 1942 in
308 1885 432 1936 merirum
443 1885 519 1944 buculi
535 1887 629 1954 cimilia
664 1888 744 1939 Facile
755 1889 813 1941 mibi
823 1893 857 1938 ert
869 1893 998 1943 monstrare
1011 1887 1055 1938 tibi
1066 1880 1171 1952 insirritce
1180 1887 1259 1940 madar
1267 1886 1368 1956 ,tegendi

725 2041 754 2060 θ’
757 2041 906 2076 W

268 2160 303 2208 82
316 2154 362 2206 *τὸ
371 2156 502 2220 inceptorem
513 2157 638 2208 Gronovii
648 2165 689 2208 ert
697 2157 860 2211 emendatum
869 2155 1082 2220 felicissime‚pro
1092 2156 1196 2220 ¹vulgato
1206 2155 1234 2206 ia
1243 2155 1367 2220 meite,

267 2235 317 2284 pro
333 2235 384 2285 quo
399 2222 516 2284 Scaliger
530 2222 556 2270 in
571 2221 692 2284 capiccio!
717 2222 844 2276 Floridue.
863 2223 923 2270 vin.
936 2223 998 2272 Not.
1012 2222 1138 2278 Nan-2³
1157 2219 1198 2273 el.
1218 2221 1365 2276 lacedem

266 2286 393 2340 aiere-26
410 2285 505 2346 ‘Dabit
516 2287 705 2351 udinesorrrrer]
738 2287 781 2338 lta
799 2297 848 2351 pra
865 2288 941 2350 dedit,
953 2287 1099 2351 parentante
1107 2299 1197 2352 ,renem
1215 2299 1249 2334 ex
1260 2284 1367 2353 ingbu-

762 2445 870 2497 Numa

301 2557 334 2603 22
350 2555 487 2604 Prodeatur
513 2554 602 2618 scripta
621 2553 728 2618 facillis]
751 2555 794 2604 ln·
835 2553 962 2618 cylindro,
985 2569 1061 2620 quem
1089 2567 1170 2618 perrea
1191 2565 1219 2602 ee
1243 2549 1367 2616 babebat,

269 2631 351 2694 rperri
384 2631 486 2680 scilicet
513 2632 609 2680 charta¹
632 2632 740 2690 cinerer,
762 2631 793 2688 iia
834 2633 938 2686 taenirm
957 2633 1184 2683 circumvolrieret.
1218 2631 1278 2682 Quo
1293 2627 1366 2678 facto

268 2711 366 2755 tentum
384 2705 447 2754 locis
467 2705 630 2754 adhaerenter
653 2706 679 2754 in
701 2703 793 2770 quibus
833 2708 914 2758 rerba
935 2710 1026 2759 eodem
1043 2723 1093 2772 qao
1111 2709 1210 2770 scripta
1227 2711 1302 2756 erant
1323 2719 1367 2754 cr·

269 2779 367 2830 vlrccm
386 2781 460 2831 lactlr
478 2780 609 2845 pinguedo
624 2781 740 2845 quadam
752 2795 792 2830 su·
833 2784 902 2844 dine,
911 2777 1078 2834 redeuntibue
1087 2785 1113 2832 in
1125 2785 1208 2833 locum
1222 2797 1295 2833 annm
1305 2781 1365 2832 lite-

268 2861 373 2924 prrerit,
402 2860 582 2924 inconspicuar
602 2860 674 2924 princ
704 2860 793 2910 literar
834 2860 878 2916 rie,
890 2860 1059 2924 apparebant.
1092 2855 1161 2907 Vide
1181 2856 1364 2907 Paratonio

267 2939 474 3004 oeuliaprodent.
834 2936 977 3000 Lysandro,
994 2936 1025 2984 Α.
1040 2936 1107 2986 (leil.
1122 2935 1167 2984 lib.
1187 2945 1261 2982 xvrr.
1284 2933 1367 2996 Ncct.

299 3019 331 3064 28
342 3015 541 3064 lacedemoniam
557 3013 674 3080 ecytalen]
701 3013 794 3064 Cicero
833 3014 917 3065 Attic.
929 3022 957 3064 et
968 3013 1109 3063 Menrrinm
1119 3011 1145 3059 in
1154 3009 1298 3060 Laconicir.

267 3088 300 3138 ad
310 3091 447 3140 Atticum:
465 3089 571 3140 ‘Habea
581 3088 703 3149 σκυτάλην
714 3095 794 3138 baeu·
866 3090 881 3119 ⁹
901 3091 944 3140 Vel
959 3089 1159 3140 cremnorum
1180 3087 1293 3150 scytalen,
1310 3085 1367 3150 lfa]

266 3165 349 3226 verrin'
382 3164 491 3224 Σκυτάλη
513 3174 554 3216 eat
574 3167 691 3216 narentur
714 3171 793 3229 terea,
833 3165 896 3216 Eam
910 3165 1194 3215 adhibebantlraccnee
1209 3163 1234 3210 in
1246 3175 1366 3225 pracep-

267 3255 313 3290 ren
325 3241 465 3304 cylindrus,
483 3241 523 3290 cui
544 3242 647 3290 taeniem
666 3240 791 3290 membra·
832 3242 865 3291 tir
885 3242 917 3291 ad
935 3241 1014 3290 dacer
1031 3250 1057 3290 et
1075 3241 1242 3302 imperatores
1262 3235 1364 3286 militia

267 3330 372 3365 naccam
385 3322 517 3379 angustam
535 3317 572 3364 ita
588 3316 792 3380 circumdabant,
833 3317 1014 3367 inscribendir.
1032 3314 1153 3365 Meminit
1162 3312 1273 3376 scytalen
1282 3311 1364 3362 Lacu·

267 3399 305 3453 at,
317 3405 347 3438 ea
353 3404 404 3458 per
412 3391 496 3439 variar
508 3389 633 3440 redeunte
650 3391 742 3454 spiras,
753 3399 791 3441 ta·
832 3392 897 3442 nicae
903 3393 1023 3454 Basilius,
1031 3391 1115 3454 Epist.
1123 3386 1363 3438 adCaadidiamrnr.

266 3473 308 3516 tua
316 3467 433 3515 rurcnlne
445 3466 629 3523 involveretur.
645 3466 711 3515 Turn
724 3467 791 3530 quod
832 3470 936 3519 Praeter
947 3484 991 3518 eor
1002 3483 1066 3533 qrrcc
1078 3467 1119 3516 hic
1128 3466 1241 3528 allegant
1253 3463 1365 3514 Vinetne

266 3539 412 3604 significare
433 3540 554 3591 volebant
574 3541 738 3604 membrana,
755 3543 791 3591 ric
832 3558 863 3594 nc
873 3545 979 3607 Tollius,
990 3543 1095 3592 consule
1106 3542 1211 3593 lunium
1222 3539 1365 3591 Animadr.

265 3618 468 3675 circumvoluta,
486 3617 561 3664 variis
580 3616 720 3666 secundnm
748 3632 791 3681 ry·
832 3618 879 3669 lib.
891 3633 929 3669 ru,
941 3634 998 3683 cap.
1011 3624 1050 3669 lt.

266 3693 341 3743 lindri
359 3691 547 3761 longitudinem
575 3692 650 3742 lineis
669 3692 791 3742 inscribe·
864 3695 880 3724 ⁸
890 3700 923 3746 dt
939 3695 1052 3758 Segmina
1064 3691 1202 3755 Pergamei]
1217 3690 1364 3754 Perrpicne

266 3770 345 3828 bant3
362 3769 466 3818 evoluta
481 3767 574 3817 deinde
591 3769 678 3828 taenin,
690 3782 791 3831 ¹sparnac
831 3770 896 3821 dicit
913 3771 1084 3835 Pergameuru
1112 3769 1235 3830 libellum,
1246 3767 1362 3818 clmrtam

266 3853 365 3896 tantum
377 3845 426 3894 hnc
441 3845 502 3894 illac
521 3845 615 3906 litera,
625 3844 721 3907 absque
733 3858 790 3892 sen·
831 3849 1018 3913 Pergamenum
1039 3845 1184 3917 designem,
1204 3844 1273 3911 quod
1301 3859 1364 3894 ceu.

265 3937 307 3972 aare
326 3931 370 3973 arrt
385 3921 521 3971 verborum
541 3922 790 3986 conrtmctioneap·
833 3925 921 3975 didam
945 3927 1036 3985 lorum,
1055 3923 1141 3986 inem
1154 3919 1248 3983 λιυκδν,
1265 3927 1364 3971 recent

264 4002 398 4065 parebant.
419 4002 477 4051 Nec
487 4000 585 4050 eaedem
595 4015 672 4050 vocer
683 4016 741 4065 quae
751 4002 789 4050 in·
831 4000 972 4052 Athenaeo
983 4009 1011 4052 et
1021 4000 1131 4058 suidam
1149 3996 1182 4047 Α.
1194 3995 1293 4046 Gellius
1301 3994 1364 4044 airn-

264 4079 370 4140 ecripte
388 4076 493 4126 fuerant
509 4076 623 4125 construi
639 4077 731 4126 iternnr
743 4092 789 4141 po·
829 4079 933 4141 pliciter
943 4079 1025 4129 lorum
1043 4073 1193 4126 obscuriore
1211 4085 1298 4123 aenan.
1315 4071 1363 4120 Ja-

266 4159 360 4213 terunt,
372 4152 421 4201 nini
435 4154 456 4201 ie
471 4152 503 4200 ad
520 4165 595 4215 quem
607 4150 788 4214 mittebantur,
827 4155 889 4204 niue.

265 4227 391 4276 consimili
403 4229 478 4291 plane
490 4241 520 4275 ac
535 4227 649 4290 ejrrrdem
662 4229 788 4280 crassitiei
