3000 4882
281 365 347 431 798
522 379 526 396 ·
754 375 909 424 susorur

282 533 363 604 mm,
384 524 445 607 qni
464 523 619 589 inlraenos
632 521 767 588 dixerat
782 515 989 586 Numidas:k
1011 523 1045 586 et
1069 519 1221 598 alterum,
1245 518 1302 601 qui
1330 515 1380 580 ita

284 623 484 710 collegerat,¹
508 633 546 690 ut
571 625 696 689 diceret
722 625 758 688 in
779 621 961 706 equitando
983 621 1124 685 verbero
1144 626 1179 683 et
1205 626 1379 704 praecepta

285 748 363 793 esse
376 727 464 810 fuge
480 733 516 792 et
528 732 699 812 praecepta
722 724 870 790 sistendi.
913 722 1101 788 Obscurum
1122 719 1187 785 hoc
1210 713 1312 785 nobis'
1329 721 1380 784 le·

284 831 435 912 gentibus
453 835 533 893 erat.
576 827 808 906 Intelleximus
830 832 865 890 te
885 825 1047 902 videntes,
1070 822 1249 889 cumidem
1265 841 1379 886 areum

284 931 483 1008 intenderes,
499 939 535 996 et
549 930 696 996 habenas
710 930 915 994 remitteres:
938 932 994 992 ant
1012 945 1134 1010 equum
1149 926 1284 1008 segnius
1299 945 1381 987 enn-

284 1039 350 1097 tem
364 1035 500 1097 verbere
514 1033 711 1108 concitares,
733 1030 787 1096 vel
807 1029 925 1096 eodem
944 1029 1079 1093 verbere
1091 1025 1380 1109 intemperantiam

285 1133 493 1200 ooiirceres.m
536 1132 606 1211 Qut
626 1139 659 1197 te
683 1132 749 1197 risi
773 1138 853 1196 sunt
873 1131 938 1194 boc
957 1129 1129 1206 docuisse,
1151 1147 1218 1191 non
1231 1127 1380 1190 iaciunt:

285 1237 388 1299 immo
410 1235 468 1317 qui
491 1234 559 1298 visi
584 1239 661 1298 sunt
683 1233 851 1311 docuisse,
873 1252 961 1297 nunc
976 1231 1116 1296 discunt.
1158 1229 1213 1294 66.
1235 1228 1277 1291 ln
1292 1229 1381 1292 cibis

286 1342 408 1414 autem,
424 1336 522 1420 cnjus
537 1336 725 1400 sacerdotis
741 1335 961 1400 abstinentior
974 1333 1192 1398 caerimonial
1228 1331 1272 1394 In
1288 1330 1380 1406 vino,

287 1437 383 1520 cnjus
411 1437 499 1500 sonu
523 1457 634 1502 mensa
659 1437 839 1518 frugaliorl
883 1435 1009 1520 Operto
1039 1433 1209 1499 conclavis
1235 1433 1286 1498 tni
1314 1453 1382 1496 non

287 1540 434 1606 sanctior
455 1559 513 1604 ara
535 1537 701 1616 VestaliS,
723 1557 790 1602 non
813 1537 990 1602 Pontificis
1018 1536 1127 1601 cubile
1153 1538 1296 1613 castius,
1319 1554 1382 1600 nec

286 1641 443 1724 pulvinar
458 1639 622 1706 Flaminis
637 1649 707 1705 tam
724 1640 889 1723 pudicum.
932 1640 987 1706 67.
1003 1639 1045 1703 In
1061 1637 1180 1702 officiis
1195 1637 1383 1703 amicorum

287 1761 353 1807 non
376 1742 453 1808 dico
474 1743 571 1826 paria
591 1742 760 1808 reddisz¹²
789 1742 974 1820 antevenis,
997 1748 1031 1806 et
1052 1741 1211 1824 quotiens
1227 1740 1261 1803 in
1283 1741 1386 1805 obse·
1493 1731 1494 1760 *

288 1843 424 1927 qneudo
452 1845 709 1928 praecedimus,¹³
738 1844 907 1909 erubescis
945 1843 1074 1928 pudore
1115 1847 1182 1905 tarn
1217 1841 1383 1921 obnoxio,

285 2025 379 2091 priten
387 2027 427 2091 qai
436 2029 595 2093 appellaverat
609 2027 726 2080 Nereidos
736 2027 861 2086 iefraeaoa:
878 2032 902 2076 et
912 2026 1012 2076 dim
1020 2025 1114 2090 peitate
1124 2025 1165 2088 atei
1179 2025 1215 2074 sie
1229 2025 1387 2074 ntieeieetss

288 2098 350 2153 nat,
367 2099 393 2141 at
414 2094 502 2143 dicerit
519 2108 558 2144 ece
575 2093 639 2143 inter
656 2092 806 2155 equitandum
823 2091 910 2142 ictidas
928 2093 1028 2141 incitare
1044 2105 1112 2154 eaeor
1127 2105 1182 2140 aeae
1197 2089 1228 2138 ad
1242 2104 1348 2147 esrum,
1362 2095 1387 2138 et

287 2156 393 2205 ce'e'reere
402 2163 529 2207 mentes.
563 2157 617 2208 Hoc
633 2162 685 2207 eret
700 2157 767 2205 nobis
784 2155 914 2217 obscuram,
931 2158 986 2204 dam
1004 2157 1140 2218 legerem
1172 2157 1209 2203 Ar
1226 2154 1388 2203 intellexisses

288 2220 339 2280 leae,
354 2235 406 2269 cem
417 2226 441 2269 te
450 2224 560 2280 eidim
576 2225 667 2285 quando
678 2225 704 2270 ta
714 2220 776 2269 idem
784 2219 914 2269 adducebar
924 2235 1012 2280 crocea
1028 2225 1051 2270 et
1065 2219 1164 2268 bealae
1180 2221 1239 2279 lora,
1255 2223 1299 2266 aut
1317 2220 1387 2266 iesti-

287 2283 362 2344 gebee
368 2284 452 2348 flagro
462 2302 544 2349 equam
553 2287 638 2335 lectiae
647 2286 802 2348 gredientem,
815 2291 857 2333 aut
875 2285 953 2333 eodem
964 2283 1046 2348 flagro
1064 2283 1207 2345 reprimetur
1222 2297 1318 2331 caream
1336 2283 1387 2343 ejas
1489 2312 1494 2322 -

288 2348 474 2399 immoderatam.
507 2351 549 2399 nti
559 2351 600 2413 qai
609 2351 763 2399 credebantur
777 2353 800 2398 te
811 2349 836 2396 id
846 2349 960 2411 docuisse,
977 2347 1132 2406 confodunt
1151 2348 1215 2411 ipsi,·
1231 2347 1288 2410 qaia
1298 2347 1337 2395 illi
1346 2347 1388 2410 qui

288 2410 442 2462 medebatur
452 2414 564 2474 doecieee,
577 2430 638 2464 aare
649 2430 664 2462 a
676 2419 699 2463 te
710 2414 811 2462 discam.
843 2413 874 2461 la
885 2413 944 2461 cibis
961 2427 1014 2462 sero
1031 2413 1158 2467 amendia,
1174 2411 1241 2472 ardue
1257 2413 1388 2460 sacerdotia
1494 2446 1495 2450 ,

288 2474 364 2532 maior
374 2481 409 2524 eet
419 2476 445 2526 ia
455 2478 597 2527 cerimoniis
606 2475 767 2528 abstinentia?
803 2477 872 2533 Quod
888 2479 919 2525 od
930 2477 1009 2525 einum
1027 2480 1127 2539 spectat,
1142 2476 1210 2536 eadee
1225 2475 1288 2524 serie
1307 2491 1388 2526 mensa
1494 2490 1495 2504 ¹

287 2543 324 2586 eat
334 2537 446 2598 parcior?
477 2540 530 2590 Arc
544 2542 621 2591 Vesta
630 2557 677 2590 rore
687 2547 722 2590 est
731 2543 853 2598 sanctior,
869 2543 942 2590 uam
951 2540 1076 2605 Pontificie
1085 2555 1133 2589 ecre
1143 2546 1178 2588 eet
1188 2540 1304 2602 ardinor,
1314 2554 1389 2602 aeque

289 2606 356 2650 teras
367 2603 484 2653 Fiamims
494 2611 528 2655 eal
541 2611 590 2654 tam
599 2614 686 2664 caetu,
701 2619 770 2668 qaam
779 2610 893 2653 κατείπω
903 2605 1002 2654 tbnlaed
1012 2605 1057 2654 tui.
1090 2605 1120 2653 Ie
1130 2605 1212 2668 offiffis
1222 2619 1280 2664 erge
1291 2605 1387 2663 amieos,

289 2679 336 2714 eea
345 2666 479 2729 diceresere
487 2670 573 2732 aeria.-
588 2670 725 2719 nemetiam
734 2669 851 2732 mereata
858 2683 915 2718 aee:
931 2676 954 2718 et
965 2669 1151 2733 qeatbxamose
1160 2669 1316 2729 meruimus
1325 2674 1349 2716 te
1360 2669 1387 2716 ie

288 2729 406 2796 matio,
420 2734 684 2786 mamaaeuedie
698 2739 748 2783 tara
761 2734 870 2796 demissa,
885 2747 955 2797 qaam
972 2733 1064 2783 debari
1080 2746 1130 2782 esee
1144 2734 1208 2795 apud
1224 2747 1275 2793 ece,
1288 2747 1341 2781 ears
1357 2737 1387 2780 te

290 2959 322 3005 12
339 2956 419 3007 Reddi
429 2959 561 3022 vala-ta
577 2959 740 3009 Proeuairaes
750 2959 840 3009 melius
856 2973 999 3024 essequam
1013 2957 1167 3022 praeedimus
1182 2963 1273 3007 censet
1291 2954 1387 3006 Acida-

785 3085 892 3137 NOTAE

291 3201 333 3237 sos
364 3188 475 3238 telorum
507 3190 579 3239 vario
614 3205 717 3254 genere,
748 3193 819 3243 nullo
859 3190 934 3241 midae
951 3189 1053 3240 infraeni
1073 3190 1192 3255 cingunt,
1211 3195 1239 3239 et
1253 3188 1387 3253 inhospita
1493 3179 1495 3196 ⁵

291 3265 420 3328 geminato
429 3266 534 3315 vulnere
546 3269 735 3331 contruncent,
749 3269 820 3318 ultra
859 3266 960 3331 Syrtis'

290 3339 418 3389 bominem
436 3340 584 3402 exultarit3
601 3343 639 3391 ita
656 3344 696 3391 lrie
718 3358 819 3409 qnoque
893 3342 949 3393 ¹Et
964 3340 1122 3406 alteram,qui
1138 3342 1175 3391 ita
1185 3341 1320 3404 eollegerat,
1331 3342 1388 3404 ise]

290 3418 360 3468 iutra
378 3422 463 3480 septe,
486 3433 544 3482 quas
564 3421 699 3483 appellant
714 3421 820 3484 vivaria,
858 3420 947 3469 Silium
965 3419 1086 3468 Italicum
1103 3419 1147 3470 lib.
1165 3433 1184 3468 1.
1205 3417 1387 3467 Punicorum:

291 3493 444 3556 sagittarum
457 3495 572 3558 prrlsibus
584 3495 680 3546 crebris
698 3496 818 3548 dentatas
857 3494 930 3543 ‘Hic
942 3495 1036 3559 passim
1053 3496 1171 3544 exrrltent
1190 3494 1309 3543 Numidas
1322 3508 1388 3556 gens

290 3568 431 3620 conficiens
451 3570 557 3633 bestiae,
577 3572 718 3623 incidentia
736 3575 819 3624 molta
857 3569 940 3621 inscia
965 3569 1054 3621 freni:
1088 3572 1168 3624 ereis
1185 3571 1253 3619 inter
1269 3572 1388 3633 geminas

290 3646 365 3711 parri
377 3647 491 3697 ducebat
503 3654 531 3697 et
541 3648 624 3710 serie3
645 3665 675 3698 eo
692 3657 817 3714 tempore,
858 3647 1006 3710 periodum
1017 3646 1119 3697 mobilis
1138 3660 1212 3696 sures
1232 3646 1388 3707 Quadrupe-

290 3735 352 3786 qoo,
371 3722 473 3772 etiamsi
484 3722 619 3788 irnperium
630 3725 734 3774 Marcus
745 3740 817 3788 rege·
858 3723 916 3772 dem
936 3721 1022 3773 flectit
1037 3737 1087 3772 non
1107 3723 1203 3772 cedens
1222 3722 1295 3786 virge
1311 3723 1388 3784 lupa-

290 3807 333 3850 ret
358 3797 514 3864 Antoninus,
536 3815 605 3866 agre
633 3802 688 3850 eine
711 3802 817 3865 collegis
859 3802 912 3852 tie!

290 3875 413 3925 similibus
427 3882 456 3925 et
474 3891 566 3940 magne
576 3877 717 3926 sobrietate
735 3876 817 3926 eonii·
890 3878 904 3907 *
925 3885 943 3914 ¹¹
963 3874 1171 3942 rumpentium
1186 3874 1313 3938 crimme]
1328 3875 1387 3925 Ma·

289 3951 382 4001 liornrn
398 3950 479 4000 lenire
498 3952 629 4002 luctuosos
641 3953 762 4015 Reipubl.
775 3967 819 4016 po·
857 3955 901 4003 lim
911 3955 1115 4018 intemperantem,
1132 3959 1161 4003 ot
1177 3952 1226 4001 boc
1242 3952 1388 4001 membrum

292 4025 466 4078 terateesusss
857 4030 946 4094 priori,
972 4030 1096 4096 ‘segnius
1124 4026 1250 4078 eontem'
1282 4041 1389 4092 respon·

322 4100 622 4165 ¹Po'e'tcm,qsiirfroeooe
630 4104 723 4152 diecret
734 4103 818 4152 Numi·
857 4104 928 4155 dent.

291 4175 345 4238 das]
363 4177 498 4241 Virgilium
511 4189 549 4228 ιν.
560 4177 661 4228 AEneid.
694 4179 748 4227 ‘Et
761 4179 817 4228 Nu·
