3034 4878
305 399 370 464 eut
778 408 931 458 uusourr

309 559 487 630 Pisistrato
510 555 580 621 tilio
595 557 632 619 ut
645 554 689 620 ad
705 552 898 620 Menelaum
920 555 1045 636 pergat,
1058 551 1214 616 hortatur.
1257 552 1290 617 3.
1328 546 1407 616 Nee

306 679 400 726 mora
411 661 503 724 sacta
518 655 683 723 consilio.¹
730 655 842 721 Nocte
856 657 982 740 quippe
996 673 1047 729 ea,
1057 673 1132 736 quae
1145 660 1325 718 consecute
1339 660 1408 730 cst,

309 759 400 844 apud
420 761 565 825 Pheras·
582 758 743 842 oppidum
764 757 916 841 hospitio
937 753 1070 821 Dioclis
1091 753 1277 831 diversati,²
1300 755 1410 820 altera

310 861 587 928 Lacedaemonem
602 858 836 944 pervehuntur.

306 1040 388 1089 suadet
399 1041 456 1089 eiut
466 1044 505 1090 eat
516 1041 547 1088 ad
559 1039 700 1088 Menelaum.
738 1037 818 1100 Neque
829 1035 922 1084 distulit
937 1035 1019 1098 exequi
1030 1035 1152 1084 consilium
1162 1034 1230 1082 illud.
1262 1035 1322 1082 Cum
1340 1032 1408 1080 enirn

305 1108 372 1153 nocte
381 1105 485 1167 sequenti
492 1103 640 1153 divertissent
651 1103 677 1152 in
687 1102 780 1150 dorsum
793 1100 886 1150 Dioclis
896 1102 958 1162 apud
968 1099 1048 1148 urbem
1061 1098 1161 1160 Plana,
1177 1097 1317 1158 deseruntur
1327 1099 1407 1144 attera

307 1173 375 1218 none
385 1169 505 1232 Spartam.

764 1242 942 1264 eumn

340 1349 353 1392 1
373 1344 446 1394 Facto
456 1345 550 1394 mantio
562 1345 678 1408 vulp—a
695 1342 738 1394 ΑΙ.
749 1343 784 1394 D.
795 1344 892 1394 uersati.

802 1487 911 1539 NOTAE

339 1603 429 1666 ‘Apud
441 1600 541 1664 Pheras]
552 1601 687 1650 Messeniae
699 1599 831 1664 oppidum.
874 1601 935 1651 item
965 1601 991 1650 iu
1015 1601 1142 1666 Pelasgia,
1167 1601 1222 1652 aliae
1253 1601 1279 1650 in
1303 1599 1403 1650 Astraia

198 1740 200 1746 ¹
308 1679 374 1728 Sunt
392 1677 449 1728 sliae
470 1677 563 1726 Pherae
589 1676 752 1739 Thessalica,
775 1677 832 1726 alise
874 1677 979 1742 proprie
990 1676 1070 1728 dieta.

565 1898 758 1946 rauracus
778 1896 827 1943 rv.
852 1897 1042 1945 ocrssnn.
1080 1882 1144 1946 448

413 2031 546 2118 Jamque
562 2031 637 2096 adeo
652 2043 772 2096 uentum
787 2031 898 2097 aalide
911 2030 954 2096 ad
968 2029 1193 2097 Lacedaemonis
1205 2052 1300 2096 arces.

351 2168 384 2232 2.
405 2167 655 2243 Telemachum,
678 2174 712 2230 et
732 2167 791 2250 qui
808 2187 884 2231 eum
899 2187 940 2232 eo
955 2173 1137 2244 venerant,⁸
1152 2164 1326 2228 Menelaus
1342 2185 1400 2229 co-

308 2270 407 2333 miter
420 2269 566 2351 hospitio
581 2267 714 2350 accipit.
760 2268 914 2351 Saneque
939 2268 1002 2330 suh
1024 2285 1168 2351 vespera
1190 2266 1344 2348 quaedam
1359 2267 1400 2329 de

305 2370 409 2436 Ulixe
434 2375 648 2450 cognoscunt.
694 2369 760 2434 Die
785 2389 867 2435 vero
894 2369 1010 2444 altera,
1039 2375 1146 2432 totum
1170 2366 1398 2448 navigationis

309 2471 458 2534 ordinem
474 2469 651 2534 Menelaus
666 2471 846 2554 explanat:
868 2470 1025 2552 quodque
1049 2468 1084 2533 in
1111 2468 1241 2551 Ogygia
1263 2468 1400 2542 insula?

307 2570 482 2658 promissis
511 2577 544 2634 et
570 2569 736 2635 illecebris
766 2569 934 2652 Nymphae
962 2570 1177 2652 Calypsonis,
1203 2568 1325 2632 Ulixes
1349 2591 1397 2633 re-

307 2675 475 2748 moretur,¹
492 2672 642 2752 exponit.
686 2671 717 2735 3.
742 2669 830 2746 Quae
850 2671 986 2753 quidem
1006 2671 1150 2735 Proteus
1164 2671 1273 2736 eidem
1288 2689 1396 2735 narra-

306 2779 403 2837 verat
417 2770 459 2835 de
475 2771 671 2836 Graecorum
687 2772 828 2836 ducibus
842 2772 1029 2855 requirenti.
1059 2771 1161 2836 Prcci
1176 2777 1287 2836 autera
1301 2780 1396 2854 post·

306 2893 407 2958 quam
431 2872 472 2936 de
497 2873 588 2937 abitu
603 2872 796 2936 Telemachi
811 2879 1049 2956 compererunt,
1063 2874 1222 2938 instructa
1236 2873 1396 2938 deducta-

306 2993 370 3057 que
385 2974 477 3052 navi,
499 2975 626 3055 viginti,
650 2975 708 3057 qui
732 2994 808 3038 sese
821 2973 994 3055 legerant,⁶
1013 2974 1222 3062 navigavere,
1244 2975 1396 3040 redeunti

337 3157 372 3206 Et
376 3154 429 3216 iarn
436 3162 589 3220 paosnuaat
597 3158 629 3206 od
637 3172 703 3207 arces
711 3157 806 3220 Sparta
817 3159 922 3208 munita.

337 3221 460 3270 Menelaus
469 3221 568 3270 humane
580 3221 666 3284 accipit
682 3223 708 3270 in
718 3223 809 3272 hmurn
824 3237 889 3271 suam
910 3222 1078 3284 Telemachum,
1088 3226 1111 3271 et
1128 3236 1167 3270 eos
1179 3223 1219 3286 qui
1229 3229 1340 3273 renuant
1350 3240 1394 3272 una

304 3295 357 3331 cum
367 3299 401 3332 eo.
434 3284 469 3332 Et
484 3290 547 3333 certe
564 3285 662 3334 erudiunt
672 3301 702 3335 ea
714 3299 740 3334 eo
750 3286 860 3335 nonnulla
869 3289 899 3336 de
913 3287 985 3336 Ulixe
994 3287 1036 3336 sui
1055 3301 1184 3348 vesperum.
1216 3287 1332 3350 Sequente
1341 3304 1393 3336 sero

305 3347 344 3394 dic
354 3348 476 3396 Menelaus
487 3349 584 3411 samnii
593 3349 627 3397 eis
636 3354 710 3397 toturn
723 3351 808 3399 aarum
818 3351 976 3412 umigationis
983 3366 1045 3399 sua:
1060 3356 1083 3399 et
1094 3354 1178 3399 narrat
1192 3352 1288 3400 Ulixem
1297 3353 1393 3401 retineri

302 3410 415 3458 ininsula
430 3412 526 3475 Ogygia
540 3412 748 3475 pollicitationibus
765 3420 787 3462 et
798 3413 922 3463 blanditiis
933 3415 1051 3478 Nympha
1064 3415 1188 3477 Calypsus.
1223 3415 1283 3471 Qua
1302 3416 1392 3478 quidem

305 3474 406 3521 Proteus
415 3474 462 3536 ipsi
480 3481 628 3536 nancoerat,
646 3492 697 3525 curn
714 3477 871 3544 interrogaret
888 3493 940 3528 eum
953 3478 1124 3526 deductoribus
1144 3479 1291 3530 &aeorum
1324 3481 1394 3528 Praei

304 3550 360 3584 cero
368 3543 493 3600 postquam.
500 3545 653 3600 cognorerunt
670 3542 795 3590 discessum
808 3543 947 3603 Telemachi,
957 3547 1049 3590 annoto
1060 3546 1083 3590 et
1093 3546 1156 3590 inari
1164 3543 1269 3592 immissa
1283 3557 1348 3604 aare,
1358 3545 1391 3590 oi·

303 3602 369 3662 giuti
388 3601 486 3651 electio
503 3618 528 3651 sc
541 3603 600 3666 ipsis
616 3605 795 3669 nauigccerunt,
813 3605 971 3656 machinantes
985 3606 1085 3655 insidias
1102 3606 1125 3656 ei
1143 3608 1279 3658 reuertenti.
1312 3608 1392 3670 ltaque

756 3739 937 3762 OOOOWM

335 3810 348 3854 l
368 3803 574 3870 Alii,rernoratur.

263 4027 268 4036 .
331 3994 344 4020 ⁸
362 3990 394 4038 Et
405 3990 504 4053 quicum
514 3995 667 4058 consuerant]
678 3992 751 4043 Inter
764 4008 826 4058 qrras
865 3995 1066 4058 promontorium
1079 3997 1221 4047 Lacinium.

300 4065 735 4121 eratPinistratusNestoristilius.
821 4074 829 4092 ⁰
897 4071 1031 4134 ⁰Viginti,
1052 4073 1092 4136 qui
1113 4088 1162 4123 sese
1178 4071 1387 4135 legendumne

333 4136 345 4170 θ
361 4141 392 4189 In
411 4141 507 4204 Ogygia
521 4142 610 4206 insuta]
630 4144 726 4196 Eadem
739 4152 765 4194 et
777 4147 825 4195 ca·
865 4146 942 4196 electi
958 4146 992 4196 sb
1003 4147 1117 4200 Antinoo
1129 4149 1197 4214 apud
1210 4149 1358 4200 Homerum.

300 4212 388 4276 lypsuu
399 4215 494 4281 Plinio,
505 4218 587 4267 insula
599 4219 667 4268 Ionii
683 4220 768 4283 maris,
780 4228 824 4269 aut

1498 3462 1499 3520 t

1497 3565 1499 3652 t

1497 3985 1498 4059 l

1490 4161 1497 4288 t
