3016 4894
545 362 799 416 seducturus.

120 505 244 570 Mense
260 505 385 572 Numee
398 507 433 570 in
445 507 556 571 medio
572 507 672 572 solidi
687 514 758 573 stet
772 507 869 573 sidus
882 505 1021 591 Aquari.

119 606 318 674 Procedant
332 607 486 689 duplices
500 607 535 670 in
550 607 675 672 Martis
687 614 838 690 tempore
849 609 976 672 Pisces.

120 707 287 791 Respicis
301 705 449 790 Apriles,
462 707 561 771 Aries
574 708 741 791 Pbryxee,
757 707 942 774 Kalendas.

121 808 240 874 Maias
254 808 421 892 Agenorei
435 809 573 872 miratur
588 828 712 872 comus
725 808 840 874 Tauri.

119 910 144 974 J
148 909 248 974 nnius
263 913 414 993 sequutus
431 911 518 974 coelo
533 909 627 974 videt
641 911 688 973 ire
704 910 868 976 Lacones.

119 1010 278 1076 Solstitio
292 1009 437 1074 ardentis
453 1008 576 1074 Cancri
590 1009 654 1073 fert
668 1010 778 1074 Julius
793 1018 929 1075 astrum.

120 1109 312 1191 Augustum
326 1129 474 1173 mensem
489 1109 560 1172 Leo
573 1109 721 1174 fervidus
735 1111 812 1192 igne
826 1112 959 1194 perurit.

122 1211 254 1288 Sidere,
266 1209 384 1292 Virgo,
400 1217 460 1274 tuo
474 1209 648 1273 Bacchum
663 1210 857 1295 September
872 1212 1009 1292 opimat.

122 1312 253 1394 AEquut
266 1316 299 1376 et
312 1311 460 1376 October
475 1311 630 1374 sementis
645 1317 794 1394 tempore
809 1311 955 1376 Librum.

122 1412 287 1494 Scorpion
300 1412 463 1496 hybernus
479 1431 634 1494 praeceps
644 1412 742 1496 jubet
756 1413 803 1477 ire
821 1411 1022 1477 November.

120 1513 295 1577 Te'rminat
309 1513 510 1578 Arcitenens
523 1514 633 1578 medio
648 1535 709 1578 sun
723 1516 820 1596 signa
836 1514 1024 1578 Decembri.

122 1729 227 1794 Aquarii
236 1733 329 1793 plessai
337 1737 373 1780 est
383 1731 408 1779 ire
419 1730 495 1778 eredis
506 1744 582 1778 messe
594 1731 687 1778 Namae.
722 1730 820 1779 Gemini
828 1731 912 1778 Pisces
926 1731 1110 1792 progrediuntur
1124 1732 1150 1779 ire
1160 1735 1218 1780 tem·

122 1809 167 1857 pus
177 1797 260 1843 meaa
271 1795 369 1844 Martii.
403 1795 426 1840 0
437 1793 508 1842 Aries
518 1799 597 1842 sector
610 1793 714 1856 ensa,
729 1796 860 1856 spectasset
870 1795 992 1843 Kalendas
1001 1795 1105 1858 Apriles.
1137 1795 1219 1844 Maius

122 1859 222 1921 suspicit
233 1873 319 1906 corsua
333 1858 405 1906 Tauri
416 1857 542 1918 Agenorei.
574 1858 662 1906 dusius
670 1859 734 1905 sidet
742 1859 882 1918 gradientes
889 1858 959 1906 simiel
966 1873 1011 1920 per
1021 1860 1102 1908 soelsm
1110 1860 1219 1919 gemella

122 1920 265 1984 Spartanos.
296 1922 377 1969 dedus
396 1921 492 1969 adducit
509 1921 575 1969 sidus
595 1921 682 1968 Caneri
695 1922 828 1983 flagrantis
841 1935 884 1983 per
900 1921 1037 1971 solstitium.
1070 1921 1118 1970 Leo
1134 1924 1219 1970 ardms

123 1989 201 2033 torret
220 1999 319 2034 mesaem
337 1984 472 2044 Augustam
488 1999 529 2032 seso
547 1985 640 2032 ardore.
675 1985 698 2032 0
713 1985 798 2046 Virgo,
814 1985 950 2046 September
967 1984 1086 2044 messit
1097 1987 1219 2035 Raecium

122 2047 167 2098 sat
176 2053 216 2097 tuo
226 2053 299 2097 astro.
330 2048 365 2096 Et
374 2047 474 2095 Ostober
483 2050 576 2095 adducit
589 2049 795 2108 temporeeatiorris
800 2048 899 2096 Libram
906 2054 1036 2110 oeoaamem
1044 2050 1094 2097 dies
1103 2049 1219 2098 noctibus.

123 2111 385 2224 Nooemssergybersalis
404 2111 549 2173 proedmtem
567 2111 619 2171 agit
636 2111 766 2176 Scorpium
800 2111 949 2172 Sagittarius
965 2111 1048 2176 definit
1066 2127 1134 2162 msere
1154 2113 1219 2160 sidm

123 2177 200 2225 nodio
237 2190 262 2224 ee
312 2176 343 2224 ri.

579 2299 744 2320 ΜΝ
747 2301 762 2320 9

157 2437 173 2482 2
191 2433 267 2482 Solidi
277 2435 328 2492 dat,
343 2437 371 2481 et
386 2431 427 2480 Sat
443 2431 517 2479 dotat
529 2429 607 2478 etiarn
618 2428 784 2490 leguas—ll
804 2427 926 2492 Scorpios,
939 2433 968 2477 et
979 2427 1095 2491 Scorpus
1111 2434 1139 2478 et
1150 2429 1219 2480 Scer-

122 2498 180 2562 pias
195 2497 236 2547 bic
247 2497 354 2560 legitor,
370 2502 399 2545 et
411 2494 548 2555 November,
563 2500 592 2542 et
604 2492 767 2544 Nooembm.
799 2492 912 2556 Scorpion
923 2492 1051 2557 symm
1060 2493 1138 2557 vulg.
1244 2533 1248 2536 .

619 2658 726 2709 NOTAE

157 2779 188 2827 la
198 2791 242 2839 quo
258 2789 344 2836 mense,
362 2773 413 2836 de]
430 2772 489 2822 Hoc
508 2771 652 2821 dodecssti·
692 2784 749 2818 esse
760 2769 849 2832 signis,
864 2783 923 2834 quse
941 2766 1150 2831 dominacionis
1162 2784 1218 2833 qnae

126 2854 193 2903 obon
203 2853 239 2900 sit
250 2850 358 2898 Vinctus
374 2848 502 2910 inuenisse
514 2861 542 2896 se
553 2847 608 2895 sine
619 2848 652 2895 ti·
693 2857 783 2893 revera
804 2845 902 2908 eliquat
924 2850 984 2892 snte
1012 2841 1101 2891 diebus
1123 2845 1218 2892 mensis

126 2930 181 2978 tulo
189 2926 257 2976 inter
265 2925 383 2974 Carmina
392 2924 476 2972 etslis
485 2923 584 2985 scripta
592 2923 652 2970 Far·
693 2919 784 2983 prioris
795 2919 829 2967 sit
841 2919 978 2980 ingressus.

126 3004 212 3054 tnnsti
233 3000 357 3064 Episcopi
379 2998 559 3060 Pictsvleusis,
578 3004 606 3046 et
626 2997 652 3046 in
724 2998 739 3040 ⁵
757 2990 887 3053 Agenorei]
911 2989 963 3042 Qui
982 2988 1070 3053 repsit
1088 2990 1219 3054 Europum

123 3080 193 3129 libro
204 3077 283 3126 Bedse
295 3075 329 3124 de
339 3080 482 3138 temporum
495 3073 604 3122 ratione.
691 3065 770 3116 lilium
781 3065 919 3130 Agenoris,
930 3073 958 3114 et
969 3065 996 3113 in
1006 3067 1110 3114 Cretum
1123 3067 1219 3118 sussit.

159 3159 173 3204 l
191 3152 340 3216 Principium
355 3149 425 3211 dorsi,
443 3148 496 3212 oa]
520 3148 546 3198 si
563 3146 653 3198 bromo
723 3149 740 3193 6
756 3143 872 3206 memus]
890 3143 1021 3206 Geminos,
1039 3144 1172 3193 Castorem
1191 3154 1220 3196 et

126 3232 161 3281 sit
177 3236 323 3294 postremae
334 3226 389 3276 dies
400 3223 564 3285 Decembris,
580 3229 652 3273 recte
692 3218 826 3270 Pollucem
838 3218 1039 3268 lacedemonia
1049 3219 1129 3268 Ledae
1144 3219 1220 3270 filios.

126 3307 237 3371 primum
255 3301 405 3366 capricorni
424 3298 531 3364 gradum
542 3299 652 3362 assigna-
725 3299 755 3344 tl
774 3294 888 3356 Scorpios
904 3293 1021 3358 &bemus
1034 3308 1140 3358 preceps
1150 3295 1221 3356 jabet

125 3382 195 3432 verit
212 3377 343 3430 annsriis
360 3375 493 3427 Kalendis.
523 3374 577 3424 Sed
596 3374 652 3424 brec
692 3370 728 3421 ire
746 3368 888 3430 November]
902 3369 987 3432 Sapra
1006 3370 1033 3418 in
1049 3370 1220 3420 Monosticlris

126 3471 177 3507 non
189 3457 227 3504 ite
238 3454 330 3504 stricte
341 3450 492 3516 accipienda
503 3456 572 3511 siret,
583 3448 653 3512 quusi
692 3447 726 3496 ds
737 3445 883 3495 mensibus:
898 3445 1006 3494 ‘Sidere
1017 3445 1164 3510 precipites
1174 3461 1219 3510 pe-

126 3532 217 3597 primis
234 3530 297 3594 ipsis
308 3529 431 3577 mennam
440 3526 532 3575 diebos
544 3526 571 3574 in
580 3525 653 3587 sigan
692 3525 760 3585 lego,
788 3521 945 3586 intempeste
968 3521 1118 3572 November
1129 3521 1147 3581 ς’
1174 3522 1220 3571 ubi

125 3609 169 3658 ills
179 3607 224 3657 sol
234 3607 324 3668 intret,
338 3603 384 3653 sed
394 3603 480 3653 Solem
492 3609 553 3652 tunc
564 3601 591 3650 in
602 3599 653 3649 illis
694 3598 753 3649 vide
763 3604 862 3648 notate.
