3026 4898
287 370 353 436 594
757 383 912 435 ausurus

290 525 469 594 Condidot
515 525 573 591 Sic
588 524 765 592 caucasea
779 529 843 592 sub
857 545 940 614 rupe
955 526 1173 593 Prometheus

287 627 443 693 Testatur
457 626 714 709 Saturnigenam,
729 646 789 692 uec
802 629 935 692 nomine
950 637 1061 694 cessat

251 786 256 796 .
288 728 447 792 Incusare
461 724 484 790 J
486 745 593 802 ovem,
607 727 688 792 data
703 727 748 790 sit
761 728 850 811 quod
867 729 938 793 vita
952 729 1115 811 perennis.

288 827 433 910 Respice
447 831 482 890 et
495 825 538 890 ad
553 826 660 894 cultus
676 826 776 891 animi
788 848 797 891 ε
820 827 870 892 sic
884 846 1002 911 nempe
1016 829 1175 911 pudicum

287 925 439 991 Perdidit
454 925 679 1009 Hippolytum
693 943 759 990 uon
774 926 857 990 felix
872 946 951 992 cura
964 929 1114 1010 pudoris.
1329 933 1374 996 25

286 1026 336 1092 At
350 1033 465 1092 contm
478 1025 642 1091 illecebris
657 1026 863 1090 maculosam
879 1026 1001 1092 ducere
1014 1029 1116 1094 vitam

287 1128 398 1207 Quem
415 1127 526 1210 juvat,
548 1124 692 1208 aspiciat
706 1145 841 1208 poenas,
864 1131 897 1190 et
911 1128 1051 1195 cumina
1063 1147 1187 1213 regum

284 1226 407 1292 Tereos
421 1225 549 1303 incesti,
570 1227 624 1290 vel
638 1225 751 1290 mollis
766 1226 996 1309 Sardanapali.

286 1327 464 1392 Perfidiam
477 1327 582 1390 vitare
596 1333 730 1390 mouent
740 1327 804 1390 tria
814 1327 945 1393 Punica
959 1330 1065 1394 bella:

286 1427 354 1490 Sed
367 1425 519 1510 prohibet
533 1444 668 1490 servare
682 1427 781 1491 fidem
796 1427 906 1492 deleta
920 1429 1097 1510 Saguntos.
1328 1433 1376 1500 30

285 1527 384 1604 Vive,
399 1531 432 1590 et
444 1527 610 1591 amicitias
625 1545 753 1611 semper
767 1528 859 1593 cole:
882 1531 1002 1594 crimen
1016 1530 1061 1594 ob
1075 1531 1163 1596 istud

282 1713 343 1762 milri
360 1720 463 1764 ultore
478 1714 607 1767 mortuiis?
631 1716 749 1768 Similiter
766 1719 920 1770 &mulleos
935 1721 962 1770 ia
978 1726 1046 1771 caute
1064 1723 1163 1774 Caucasi
1181 1724 1267 1775 aaa&
1277 1725 1370 1790 fiatur·

281 1777 372 1840 Jonem,
384 1776 485 1828 &maro
501 1784 588 1842 mmm,
604 1795 677 1844 aeque
697 1783 785 1832 desinit
801 1798 909 1834 comeare
925 1799 986 1846 eam,
1001 1788 1156 1848 compellando
1174 1788 1249 1851 ipsum
1264 1789 1368 1851 mmiae,

282 1843 343 1902 qaod
358 1841 410 1889 nita
417 1847 529 1905 perpetua
544 1858 649 1892 comessa
664 1844 711 1893 siti
726 1846 758 1894 rit
772 1845 844 1895 oleo.
878 1847 1087 1898 cmaaeroeriau
1099 1852 1173 1900 aalma·
1180 1853 1261 1901 doter:
1276 1853 1368 1902 sellim

280 1903 367 1962 weliz
384 1906 487 1954 dudam
502 1906 622 1968 pudicitiae
638 1909 674 1955 ita
691 1908 880 1958 autalitoaiais
899 1911 1064 1974 Hippolytum.
1098 1914 1187 1964 Contra
1202 1930 1256 1990 asro
1270 1916 1311 1964 ille
1325 1917 1370 1978 quta·

281 1971 346 2014 amat
354 1968 439 2028 degere
445 1969 518 2017 mmor
527 1970 710 2019 matutinalem
719 1973 883 2034 uoluptatibus,
890 1977 996 2024 attordu
1002 1975 1112 2038 flagitio,
1120 1983 1143 2026 ot
1153 1979 1268 2040 suppilas
1277 1993 1370 2042 unas,

284 2029 353 2078 Terei
362 2029 454 2094 lacerti,
465 2030 663 2096 nelSardoaapolt
673 2033 820 2097 plantanti.
854 2037 911 2084 llio
921 2036 980 2086 lello
992 2039 1083 2088 Paaiea
1098 2043 1287 2105 suadmtfugera
1295 2043 1370 2117 perfi-

281 2093 360 2142 dmm:
375 2095 532 2156 attinguntur
541 2111 621 2145 werno
630 2098 945 2164 detmetoumaadojide.
976 2102 1368 2168 Vtaeaoteaoperoaiaa'o:

282 2337 333 2387 que
343 2336 479 2390 sequentes
490 2330 523 2380 de
534 2331 552 2384 J
554 2337 645 2382 utuma
653 2339 681 2384 et
689 2334 853 2400 Prometheo,
862 2352 912 2387 non
920 2337 1023 2389 luerunt
1032 2339 1058 2388 ln
1070 2339 1283 2404 Lugdunensibus
1291 2358 1372 2394 mem·

281 2387 379 2452 branis,
388 2392 433 2442 sed
444 2393 471 2441 iu
481 2393 598 2445 omnibus
606 2397 764 2449 allisnnstris
773 2401 982 2466 exemplaribus'
997 2403 1167 2456 Vtram-nt
1178 2407 1220 2456 Sic
1231 2409 1371 2472 exoptimn

759 2541 866 2592 Nom

313 2645 344 2691 nl
364 2643 480 2694 Caoemea
500 2647 542 2696 sub
563 2664 620 2712 rape
642 2651 805 2715 Prometleus,
845 2656 879 2704 ad
890 2655 991 2707 Medos.
1024 2659 1191 2712 Vidlnstiu.
1207 2663 1254 2714 lib.
1269 2679 1289 2715 1.
1308 2679 1370 2732 esp.

280 2715 334 2780 aa]
350 2717 418 2766 Vide
429 2719 613 2771 Prometheum
626 2723 745 2788 AEsolryli.
770 2727 806 2776 Et
845 2733 869 2779 8.
886 2729 1013 2782 Herodot.
1024 2739 1051 2782 et
1062 2735 1215 2789 Diodorum.

280 2805 350 2841 vers.
361 2795 402 2841 lt.
412 2793 624 2859 Technopaegnii,
635 2813 722 2862 supra.
875 2810 908 2855 29
925 2806 983 2857 itta
993 2809 1086 2859 Punico
1097 2811 1167 2877 lello]
1184 2815 1298 2866 Quorum
1309 2817 1372 2866 ulti·

312 2871 345 2917 24
359 2867 400 2916 Ad
413 2870 488 2918 muas
503 2871 588 2936 mima]
603 2873 733 2937 Virtutes,
749 2876 804 2939 qui·
843 2891 885 2926 run
906 2877 992 2929 deleta
1009 2896 1025 2930 a
1043 2883 1165 2934 Romanis
1188 2888 1316 2953 Carthago
1332 2890 1371 2940 ci·

279 2941 328 2992 bus
341 2943 438 2993 animus
449 2951 563 2996 ornatur.
844 2951 1024 3005 vinaceorum
1036 2958 1169 3018 perfidiam
1181 2962 1238 3012 luit.

287 3067 291 3076 ,
312 3021 343 3065 25
371 3018 427 3065 Noa
446 3019 512 3077 selis
533 3035 590 3070 curo
611 3024 720 3088 pudoris]
747 3026 806 3077 Qua
869 3029 907 3074 -80
923 3027 1009 3078 Deleta
1033 3031 1165 3097 Soanos]
1186 3036 1314 3100 saguntus
1341 3041 1370 3090 in

279 3090 376 3144 tactum
398 3097 428 3140 ut
448 3106 566 3143 uorercae
585 3093 715 3159 Plroedrar,
732 3100 805 3162 cujus
844 3099 971 3164 Hispania
981 3105 1013 3154 ab
1024 3104 1153 3160 Auuibda
1163 3111 1260 3176 deleta,
1274 3115 1308 3165 cb
1322 3127 1369 3166 sx-

278 3163 406 3214 iucestum
416 3178 528 3214 amorem
548 3176 690 3232 respuerat,
704 3169 804 3224 furores
843 3175 929 3226 iuriam
939 3177 967 3227 in
978 3179 1107 3243 Populum
1121 3183 1264 3236 Romanum
1280 3187 1370 3240 fidem.

278 3237 306 3285 in
317 3251 345 3285 se
363 3243 534 3296 converteret,
551 3247 579 3290 et
598 3243 731 3294 calumniis
747 3248 804 3310 ejus
843 3248 1022 3302 videntium
1033 3254 1108 3307 initio
1119 3261 1225 3310 secundi
1241 3261 1302 3312 belli
1315 3264 1369 3314 Pu·

279 3311 410 3359 exulatum
434 3312 532 3376 abiens,
547 3315 580 3363 ab
599 3318 672 3381 equis
689 3329 804 3372 monstro
843 3323 905 3375 uici.

279 3384 369 3432 emori
379 3398 481 3448 egresso
493 3388 600 3453 territis,
616 3399 764 3456 raptaretur
772 3411 803 3448 ac
875 3405 905 3450 sl
925 3404 1018 3454 crim
1029 3407 1058 3454 ol>
1074 3407 1139 3458 idad
1154 3411 1368 3478 Pythagoreorum,

278 3458 480 3522 discerperetur.
840 3475 893 3538 to]
904 3479 1036 3542 Diogenes
1046 3481 1163 3534 Ladrtius
1172 3486 1200 3535 iu
1209 3487 1367 3554 sltaPytlso·

310 3535 343 3582 28
361 3533 445 3583 Tereos
455 3536 552 3600 incedi]
566 3539 715 3594 Philomela
727 3546 803 3598 viola·
842 3569 912 3616 garae
923 3557 1012 3608 scribit
1028 3559 1158 3612 incensam
1178 3563 1258 3615 foisse
1277 3561 1369 3633 s'qai·

277 3604 350 3667 toris,
366 3621 422 3670 qna
435 3610 550 3662 Procnes
562 3616 678 3681 conjugis
691 3621 745 3682 ejus
762 3638 802 3672 so·
842 3628 958 3695 busdam,
973 3648 1036 3698 quos
1051 3635 1189 3689 admittere
1206 3643 1233 3690 in
1252 3643 1367 3695 scholam

278 3687 396 3730 roraret.
430 3684 497 3735 Vide
510 3689 653 3753 eteriano,
664 3701 692 3743 et
704 3709 802 3758 ponam
841 3717 913 3760 suern
934 3707 1053 3758 noluerat
1074 3711 1241 3778 Pythagoras,
1261 3718 1368 3772 Milonis

278 3753 298 3802 l.
310 3767 347 3804 vr.
358 3756 425 3806 Met.
437 3757 516 3811 Orid.
842 3779 911 3841 apud
923 3781 1062 3832 Crotonem
1073 3785 1185 3852 domum,
1201 3791 1228 3839 lu
1239 3806 1295 3856 ‘11¹⁸
1301 3798 1365 3844 tuuc

312 3829 354 3879 Vel
372 3833 447 3881 modio
461 3835 629 3904 Sardanapali]
647 3843 674 3892 Is
695 3846 800 3897 ultimus
840 3851 895 3915 ipse
917 3855 1079 3921 Pythagoras
1101 3876 1159 3912 cum
1179 3863 1312 3930 discipulis
1338 3876 1367 3919 et

276 3902 443 3968 Assyriorum
455 3924 509 3974 rex,
526 3928 612 3978 aquo,
628 3926 735 3983 propter
746 3923 800 3986 ejus
840 3929 928 3980 amicis
938 3933 990 3981 suis
1001 3933 1106 3986 circiter
1116 3937 1290 4002 quodraginta
1307 3957 1367 3994 rer·

276 3980 410 4032 mollitiem
427 3984 573 4050 indignatus
585 3991 715 4044 Arbactus
731 3996 801 4047 dese·
840 4001 961 4066 sabatur3
979 4020 1155 4072 eumqueeom
1172 4013 1289 4065 omuibus
1306 4015 1365 4068 fere

276 4055 322 4116 cit,
339 4062 367 4105 et
388 4059 483 4110 rictum
506 4071 614 4114 mortem
641 4070 726 4132 coligit
753 4072 800 4121 sibl
840 4077 945 4138 qniuua
963 4089 1047 4145 eraut,
1064 4083 1124 4134 dum
1144 4085 1259 4151 effugere
1277 4093 1365 4142 iucen-

275 4133 446 4200 oonsciscere,
464 4137 650 4206 imperiumque
669 4147 801 4198 transtulit
839 4150 908 4202 dium
920 4155 1016 4220 volunt,
1032 4158 1223 4222 acrotoniatis,
1233 4163 1278 4227 qui
1288 4166 1364 4218 liber·
