2998 4884
585 381 767 429 RDYLLIA·
859 427 862 434 ,

121 517 205 596 Qua
219 517 273 582 bis
289 523 377 583 terna
390 518 528 584 fremunt
543 523 734 603 scopulosis
750 524 837 588 ostia
852 527 944 608 pilis,

120 619 210 683 Gnrn
225 618 395 684 defluxisti
409 619 508 684 famae
523 621 660 702 majoris
675 623 711 685 in
725 643 865 702 amnem,

121 719 280 784 Liberior
292 720 393 784 laxos
409 741 558 799 exerces,
574 723 697 800 Barbe,
710 732 860 790 natatus.

120 817 177 884 Τιι
192 821 307 884 melior
322 822 435 903 pejore
450 841 544 886 aevo:
567 824 630 888 tibi
644 824 783 908 contigit
797 827 887 889 omni

121 920 318 1003 Spirantum
333 941 377 984 ex
391 941 526 987 numero
542 941 605 987 non
619 925 784 990 illaudata
799 933 968 994 senectus.

121 1019 199 1085 Nee
214 1025 248 1085 te
263 1024 405 1105 puniceo
419 1024 607 1089 rutilantem
623 1026 762 1103 viscere,
779 1027 905 1106 Salmo,

122 1121 338 1199 Transierim,
348 1122 427 1188 latae
439 1125 539 1208 cujus
552 1144 639 1206 vaga
653 1127 791 1192 verbera
806 1128 922 1194 caudae

123 1221 267 1304 Gurgite
281 1222 447 1288 demedio
463 1243 612 1292 summas
626 1225 806 1292 referuntur
823 1229 858 1292 in
874 1229 994 1307 undas,

120 1321 291 1387 Occultos
303 1323 438 1404 placido
454 1344 530 1388 cum
544 1324 696 1407 proditur
711 1347 843 1410 aequore
858 1330 984 1411 pulsus.
1157 1335 1221 1401 100

121 1424 177 1486 Tu
190 1424 333 1488 loricato
348 1443 552 1506 squamosus
567 1433 714 1509 pectore,
730 1428 868 1493 frontem

122 1523 303 1602 LubricuS,
315 1531 349 1588 et
363 1525 472 1591 dubiae
487 1526 634 1593 facturus
649 1529 775 1594 fercula
789 1551 909 1611 coenae,

121 1745 212 1794 Saravi
222 1747 312 1809 oblique
318 1748 429 1811 fluentis,
439 1764 484 1810 qun
500 1755 570 1812 parte
589 1765 632 1799 see
646 1749 696 1810 ejus
716 1765 758 1799 orn
770 1754 879 1812 fremunt
897 1757 930 1803 nd
944 1755 1007 1818 piiss
1025 1769 1118 1818 rupeas,
1127 1759 1219 1820 quando

121 1810 299 1884 delapsusesia
307 1811 411 1886 fluvium
421 1813 552 1862 celebrioris
568 1813 735 1876 cominiaimrs
746 1816 842 1865 liberior
855 1817 941 1876 socias
957 1820 1026 1879 longe
1041 1821 1130 1882 lateque
1141 1826 1218 1870 notos.

123 1872 556 1936 llesncmoressnoetutedeteriore5
580 1883 608 1926 tu
627 1893 658 1926 ex
676 1883 727 1927 tcto
743 1879 900 1929 animantium
914 1881 1065 1932 multitudine
1082 1885 1180 1933 sortitus
1195 1899 1219 1932 es

120 1943 239 1987 maestam
245 1938 456 1989 commendabilem.
493 1942 573 2003 Neque
583 1947 607 1990 te
616 1942 720 1990 misisse
727 1944 825 2002 celim,o
836 1943 924 2004 Soluto,
933 1946 972 2006 qui
981 1947 1054 1994 miens
1061 1946 1132 1994 rubra
1139 1961 1219 2008 cume,

120 2001 187 2060 cuins
204 2002 262 2058 angi
277 2004 357 2064 pulmo
376 2004 432 2052 tate
448 2006 529 2052 enncae
547 2006 685 2067 perveniunt
704 2020 720 2052 a
736 2006 812 2054 medio
826 2007 923 2069 fluenta
942 2010 974 2056 nd
984 2023 1114 2070 snprmnam
1124 2024 1219 2070 equam,

121 2066 212 2120 semeio
223 2066 325 2128 impetus
335 2071 389 2114 tuns
398 2069 453 2116 licet
468 2067 616 2116 absconditas
631 2068 810 2130 deprebenditur
826 2072 852 2116 ia
871 2069 980 2130 apunbili
995 2071 1117 2134 superficie
1133 2073 1218 2121 omnis.

122 2125 158 2174 Te
164 2129 232 2188 geris
240 2135 321 2191 pectus
330 2135 423 2192 εφιιιιιι
435 2132 538 2192 squamis
548 2146 590 2180 cen
600 2132 682 2192 lorias,
688 2129 759 2179 babes
769 2135 838 2193 capnt
849 2132 973 2193 lubricum,
983 2139 1008 2183 et
1022 2149 1074 2182 cum
1084 2137 1219 2197 suppedito·

120 2195 189 2241 turns
201 2193 237 2242 sis
246 2195 318 2256 dapes
328 2194 355 2242 irs
369 2209 432 2243 ema
441 2194 561 2256 ambigue,
570 2196 671 2243 servaris
680 2194 829 2257 incorruptus
837 2210 880 2258 per
896 2197 990 2258 longum
1000 2202 1099 2282 ternpgts,
1109 2199 1219 2248 notabilis

615 2335 724 2385 NOTAE

151 2454 185 2499 ⁹2
203 2450 391 2513 Quietem,
403 2450 458 2514 tyn]
475 2449 506 2498 In
518 2454 597 2512 ponte
606 2449 651 2498 Ss·
692 2449 767 2498 Idem
785 2463 835 2498 non
853 2449 926 2513 capit
938 2450 998 2514 qnid
1010 2451 1059 2500 boc
1076 2449 1217 2514 significet:

121 2535 183 2574 reso
199 2525 322 2588 imposito
337 2525 405 2574 senis
416 2525 486 2587 pilis,
505 2523 612 2587 antiqno
624 2529 652 2571 et
692 2525 746 2574 ‘Tn
763 2525 853 2574 melior
869 2527 960 2589 pejora
977 2527 1050 2576 avo!
1083 2527 1170 2576 Facile
1181 2536 1220 2576 ta·

121 2599 289 2650 memorando
308 2613 395 2662 opere,
417 2599 486 2650 haud
501 2599 579 2661 longe
594 2599 651 2646 ·Αιι-
692 2601 904 2650 menintellectu.
932 2601 1099 2650 Senectutem
1111 2601 1219 2662 Veteres

121 2680 198 2738 gusta
208 2673 385 2734 Trevirorum,
401 2674 478 2738 paulo
493 2677 554 2721 ante
576 2687 651 2736 quam
692 2676 781 2726 dixere
792 2678 899 2726 ‘malam
917 2677 1039 2739 oetatem,’
1049 2683 1079 2726 nt
1094 2682 1169 2740 patet
1185 2691 1218 2725 ex

120 2751 145 2800 in
157 2752 295 2802 Mosellam
308 2749 407 2814 influat,
416 2751 448 2800 ad
457 2750 540 2800 vicum
551 2751 652 2800 scilicet
693 2751 797 2800 Nonio:
815 2752 871 2816 quis
892 2759 978 2801 autem
996 2752 1080 2801 nescit
1091 2752 1174 2814 pisces
1186 2765 1217 2800 eo

121 2827 265 2876 Ountaenm
276 2825 362 2889 bodie,
373 2826 406 2875 ab
417 2826 462 2875 illc
474 2833 562 2888 ponte,
580 2826 652 2874 Cont-
693 2823 861 2886 laudationes,
879 2839 931 2888 qno
943 2825 1071 2873 seniores?
1104 2825 1179 2876 Quod
1191 2831 1218 2872 et

119 2903 234 2952 mbruck
260 2901 367 2954 dictum.
407 2901 523 2950 Intuitns
549 2899 650 2951 videtnr
693 2899 778 2948 Pcbta
789 2898 910 2962 subjicit:
927 2898 1001 2947 ‘libi
1020 2897 1131 2958 contigit
1149 2899 1218 2947 oanni

120 2976 162 3027 lric
173 2975 305 3026 Ausonius
317 2976 400 3026 locum
410 2975 479 3024 hunc
489 2974 593 3023 Horatii
604 2974 650 3025 lib.
691 2975 839 3036 spirantum
856 2986 888 3021 ex
903 2987 1006 3022 numero
1025 2985 1074 3021 non
1093 2971 1219 3022 illsudsts

121 3065 154 3100 11.
165 3051 256 3102 Sati.
273 3051 366 3099 ‘Unde
375 3049 463 3099 datum
473 3049 553 3098 sentis
562 3050 649 3112 Lupus
691 3048 831 3100 senectus!

120 3128 164 3177 irie
184 3127 326 3190 Tiberinus,
350 3141 383 3176 sn
399 3128 452 3177 sito
471 3127 570 3190 Captus
588 3128 651 3191 lriet,
721 3131 752 3176 9⁵
766 3125 917 3188 Peioreoeao]
933 3124 964 3173 In
975 3125 1123 3174 Senectute.
1141 3127 1218 3188 Nam,
1273 3164 1277 3170 ,

121 3211 249 3267 pontesne
260 3203 329 3252 inter
333 3204 459 3267 jactatus,
469 3217 501 3252 an
510 3203 590 3255 amnis
600 3203 649 3253 Os·
690 3207 758 3252 teste
778 3203 872 3263 Nonio,
890 3202 1019 3250 ‘AEtstem
1042 3201 1146 3248 malam'
1166 3200 1216 3248 Ve-

122 3277 218 3328 tiesnb
230 3277 333 3327 Taseil'
689 3285 759 3328 teres
776 3283 936 3328 senectutem
961 3277 1099 3325 illiserunt:
1125 3282 1216 3325 contra

152 3352 297 3416 Seminis]
317 3351 502 3417 Hyperbolice,
519 3352 611 3416 amplis
622 3360 650 3404 et
690 3352 890 3402 adolescentiam
905 3351 1015 3399 ‘bonam
1027 3349 1152 3398 etatem!

120 3427 200 3476 tinnis
224 3428 307 3476 instar
321 3429 492 3491 scopulorum.
526 3428 652 3478 Divinare
725 3427 779 3475 Tibi
789 3427 889 3486 cmligit
907 3424 969 3473 omni
985 3423 1125 3486 Spirantnm
1136 3438 1168 3472 ex
1178 3439 1219 3473 ns·

119 3501 163 3554 lric
175 3501 239 3550 mibi
258 3501 361 3550 videtur
379 3501 497 3564 Vinctus,
516 3515 566 3552 non
584 3516 652 3553 com·
690 3515 753 3552 merc
771 3516 816 3550 aon
833 3501 947 3550 illacrima
967 3498 1081 3562 metus]
1098 3499 1179 3548 Immo
1191 3505 1219 3548 et

121 3575 288 3640 pertslcqui.
692 3576 806 3640 piscibus
828 3575 883 3623 aliis
901 3589 952 3624 non
974 3574 1073 3638 paneis,
1093 3573 1218 3637 cyprino,

152 3656 184 3701 9³
202 3651 286 3700 Fama
296 3651 539 3714 mmorisinamaem]
567 3653 652 3702 ELu·
692 3651 784 3712 Mallo,
811 3656 880 3699 teste
900 3649 1009 3698 Horatio
1025 3649 1080 3698 Set.
1102 3653 1127 3698 2.
1148 3649 1165 3697 l.
1185 3663 1218 3698 ιι.

122 3739 187 3776 ceno
197 3725 290 3774 Phars.
301 3725 346 3775 lib.
357 3739 375 3776 ι.
389 3739 456 3776 verr.
465 3729 522 3776 too.
646 3755 648 3759 v
690 3727 698 3754 ‘
709 3725 818 3787 Laudm,
828 3725 927 3788 insane,
935 3724 1059 3780 trilibrem
1068 3725 1178 3773 Mullum
1191 3724 1216 3772 in

153 3804 186 3850 94
202 3799 296 3862 Barbe]
311 3799 650 3865 Barbns,ncstrianrbens‚
690 3799 790 3863 singula
808 3813 884 3863 quem
903 3799 1002 3848 minans
1022 3799 1154 3862 pulmenta
1175 3811 1217 3846 ne·

121 3874 201 3939 piscis
210 3875 366 3926 notissimus.
692 3887 764 3922 cesse
776 3872 833 3922 est!
865 3875 899 3922 Et
907 3873 963 3922 sliis
976 3885 1026 3922 non
1037 3873 1135 3936 paucis.

154 3949 169 3978 '¹
184 3949 267 3998 Lacon
289 3963 392 4011 exerces,
404 4008 406 4014 ¹
420 3951 511 4012 Barbe,
544 3951 652 4014 natatur]
724 3951 771 3999 ion
788 3948 875 3998 Dtsbiu.³
884 3981 891 3996 .
901 3945 1097 4008 Jerusalem]
1114 3947 1152 3994 Ex
1165 3943 1217 3992 Te·

123 4023 268 4086 Despcsius
290 4023 347 4072 vnlt
373 4038 431 4074 esse
451 4025 548 4088 piscem
574 4039 651 4090 qnem
691 4024 767 4074 rentii
777 4024 932 4074 Phormione
943 4028 997 4072 act.
1008 4037 1040 4072 ιι.
1054 4036 1091 4070 se.
1103 4023 1127 4070 2.
1149 4019 1214 4069 ‘Ph.

123 4097 283 4159 appellamus
306 4097 451 4150 Rcrbebnnt.
493 4100 551 4152 Non
574 4099 651 4162 enim,
691 4099 771 4148 Coena
793 4097 871 4150 dubia
882 4103 1034 4162 apponetur.
1072 4095 1121 4142 Ge.
1146 4094 1214 4146 Quid

123 4171 216 4235 iuquit,
239 4172 315 4222 vilem
334 4174 431 4238 piscem
450 4174 539 4225 laudat
557 4175 650 4228 Pcir'ts.
688 4175 754 4224 istnc
766 4173 837 4224 verbi
849 4175 907 4226 est?
931 4172 980 4222 Pb.
1008 4169 1061 4219 Ubi
1073 4174 1101 4218 tn
1112 4169 1216 4220 dubites
