2998 4884
574 359 752 414 abactis.

116 509 274 576 Socratas
287 507 458 572 bominum
474 515 565 572 ooetu
579 507 773 590 flagrantior
789 509 901 581 aestus.

113 607 211 676 Tunc
224 610 424 673 insultantes
439 627 501 672 sua
514 627 575 690 per
585 607 672 671 freta
686 607 797 670 ludere
809 603 997 689 Nymphae,

115 710 161 774 Et
175 711 303 774 Suiiros
317 725 461 773 mersare
478 709 583 785 vadis,
598 707 800 788 rudibusque
811 705 951 770 natandi

114 811 181 875 Per
194 811 322 874 medias
336 811 428 874 exire
443 827 581 886 manus;
605 807 683 870 dum
703 807 834 869 lubrica
852 805 930 868 falsi

116 911 273 975 Membra
282 915 410 994 petunt,
420 907 634 990 liquidosque
649 905 833 988 foveutpro
845 921 985 984 corpore
999 900 1130 964 fluctus.
1144 897 1208 962 185

118 1012 184 1076 Sed
198 1032 264 1076 non
278 1013 352 1076 baec
366 1015 521 1093 spectata
534 1008 605 1085 ulli,
617 1027 679 1071 uec
695 1007 830 1088 cognite
844 1006 931 1082 visu,
1205 1004 1208 1013 ’

118 1113 186 1177 Fas
199 1113 279 1176 mibi
295 1113 340 1176 sit
353 1131 415 1194 pro
429 1114 522 1193 purte
536 1109 649 1192 loqui:
671 1116 800 1172 secreta
814 1112 954 1188 tegatur,

118 1213 162 1278 Et
175 1215 356 1278 commissa
372 1213 444 1276 suis
458 1213 561 1274 lateat
574 1207 758 1274 reverentia
776 1207 870 1272 rivis,

117 1315 182 1380 Illa
196 1315 337 1380 fruenda
350 1315 463 1398 palam
479 1313 621 1395 species,
637 1332 712 1376 cum
729 1312 864 1393 glaucus
879 1327 987 1392 opaco

117 1412 318 1500 Respondet
331 1416 409 1480 colli
423 1416 565 1480 fluvius:
587 1413 739 1478 frondere
752 1412 909 1477 videntur
944 1439 948 1444 ·
1145 1405 1213 1488 190

11 1541 13 1546 ‘
118 1518 289 1582 Flaminoi
303 1519 435 1594 latices,
445 1523 478 1581 et
490 1516 629 1599 palmite
642 1511 791 1580 consitus
806 1512 923 1577 amuis.

119 1619 209 1699 Quis
222 1622 316 1685 color
328 1620 388 1683 ille
401 1618 513 1694 vadis,
527 1633 620 1680 seras
634 1637 711 1682 cum
725 1614 867 1700 protulit
880 1611 1015 1674 umbras

120 1721 310 1804 Hesperus,
319 1725 354 1784 et
367 1719 465 1784 viridi
478 1717 646 1801 perfundit
659 1722 772 1780 moute
787 1712 965 1778 Mosellam
977 1711 992 1772 l

118 1823 210 1886 Tota
220 1813 335 1886 natant
345 1820 464 1902 crispis
474 1819 559 1902 juga
573 1819 734 1894 motibus,
750 1822 783 1879 et
797 1813 907 1880 tremit
920 1812 1041 1875 absens

119 1923 316 2005 Pampinus,
332 1929 367 1986 et
380 1922 498 1986 vitreis
513 1919 678 1982 vindemia
692 1922 801 1998 turget
814 1916 849 1978 iu
862 1912 983 1977 undis:
1150 1911 1215 1973 195

120 2023 327 2088 Annumerat
337 2021 462 2086 virides
473 2019 605 2084 derisus
616 2019 729 2082 navita
743 2017 841 2085 vites,

122 2125 256 2190 Navita
272 2123 437 2188 caudiceo
451 2121 588 2185 fluitans
603 2135 707 2199 super
720 2129 857 2196 aequora
869 2111 989 2188 lembo,

119 2325 189 2374 turba
202 2326 329 2374 bominum.
365 2325 430 2373 lbra
448 2323 573 2386 Nymphae
587 2318 694 2369 meirire
710 2316 823 2366 audantes
837 2326 944 2376 ameum
954 2324 1036 2374 aquae,
1047 2313 1070 2358 et
1081 2309 1218 2369 immergere

120 2388 217 2439 Samos
227 2389 306 2450 ardu,
317 2393 339 2436 et
356 2387 417 2437 elabi
432 2387 499 2450 ipaie,
517 2385 617 2434 rotardi
627 2382 754 2445 imperilia,
764 2378 905 2442 permeatus
916 2389 998 2423 mamus
1004 2390 1013 2430 ,·
1034 2377 1089 2422 dum
1099 2373 1118 2420 ii
1129 2372 1219 2432 decepti

119 2457 218 2516 raptant
236 2467 317 2501 eurum
328 2457 395 2500 artem
405 2452 533 2515 effluemm,
549 2453 572 2497 et
583 2449 668 2508 socrat
682 2446 803 2507 eonrplexu
819 2443 894 2489 ardue
910 2440 1024 2502 liquentes
1044 2438 1092 2486 loeo
1108 2437 1219 2496 corperis.

110 2518 213 2566 *Veram
224 2518 294 2565 liceat
306 2517 363 2563 milri
372 2515 462 2578 partim
472 2526 598 2561 memorare
607 2513 653 2558 ista
661 2524 675 2557 a
684 2509 775 2558 nemine
785 2507 843 2560 risa,
855 2518 926 2566 neque
937 2502 1032 2564 cognita
1039 2502 1126 2550 realia:
1143 2504 1220 2548 cetera

120 2597 209 2630 arcuna
227 2580 373 2644 operiantur,
387 2583 411 2626 et
429 2577 560 2626 commedita
575 2575 625 2624 auia
642 2573 718 2635 aquia,
739 2571 876 2620 delitescunt
892 2567 934 2615 aab
950 2566 1080 2614 reverentia
1090 2565 1121 2612 r'ie
1131 2561 1219 2612 debita.

120 2645 193 2694 Licet
203 2645 263 2704 frue'
275 2644 365 2706 publice
375 2643 418 2690 lmc
427 2641 564 2703 spectaculo,
570 2639 668 2762 jurando
685 2635 761 2684 amaia
775 2633 885 2682 eoeraleue
899 2633 1053 2692 repraesentat
1069 2628 1154 2675 cliuum
1171 2641 1222 2676 um·

120 2709 225 2758 brorum.
260 2709 334 2770 Aque
352 2707 427 2755 ammte
445 2705 555 2752 uideatur
600 2703 730 2760 ardescere,
749 2703 771 2746 et
787 2697 879 2760 flumem
900 2685 1003 2742 videtur'
1015 2694 1145 2754 plantatum
1162 2690 1219 2737 rite.

123 2773 212 2830 Qualia
228 2777 264 2820 eet
280 2773 320 2820 ille
339 2773 400 2818 eatur
410 2782 523 2831 uquarum
534 2768 625 2829 quondo
635 2778 716 2826 uesper
734 2761 847 2822 produxit
858 2757 952 2806 umbrae
965 2757 1088 2815 serotinus,
1104 2759 1127 2801 et
1146 2752 1222 2816 influit

121 2827 251 2885 Mosellam
264 2835 338 2883 colore
355 2833 420 2882 collis
439 2832 545 2880 virentia.
580 2829 639 2878 l'ota
654 2827 773 2876 eacumina
785 2825 894 2872 uideatur
905 2835 961 2869 aare
975 2823 1070 2880 propter
1079 2817 1222 2889 agitationes

120 2898 374 2960 manummerias,
385 2902 408 2944 et
416 2895 540 2958 pampinus
550 2893 604 2942 lieet
615 2893 670 2940 iude
678 2895 788 2940 remotae,
798 2887 893 2934 uidetur
900 2883 1017 2944 trepidare
1025 2881 1140 2952 instauro,
1149 2883 1173 2925 et
1183 2891 1222 2950 ra-

122 2965 185 3012 aemi
195 2964 351 3011 intumescere
361 2961 473 3009 uidentur
483 2959 509 3006 ia
523 2958 590 3020 aquia
599 2954 783 3018 pellueerrtilme:
799 2953 872 2997 aare«
887 2947 980 2994 delarue
990 2945 1095 3016 numerat
1106 2955 1132 2987 aa
1145 2940 1224 3014 fluam

123 3029 231 3076 ruentes
249 3027 335 3075 attium
352 3026 457 3088 plantae,
471 3027 545 3071 meato
559 3018 679 3084 (irruam)
689 3016 729 3078 qui
740 3012 853 3062 discurrit
862 3023 931 3072 super
941 3021 1024 3070 aquam
1033 3006 1102 3053 lurtre
1117 3007 1226 3066 campita

588 3159 631 3178 ΝΙ
636 3154 766 3176 HOMO!

122 3268 220 3330 similit.
255 3263 356 3321 Malim,
373 3262 457 3326 inquit
479 3259 586 3321 Tollius,
599 3257 723 3320 perfudit:
739 3251 873 3316 praecessit
895 3261 1003 3312 nauoque
1024 3245 1135 3308 protulit,
1157 3242 1226 3308 quod

126 3332 223 3382 melius
233 3330 269 3390 τῷ
286 3327 399 3392 propulit,
416 3325 483 3390 qaod
494 3325 520 3373 in
531 3338 577 3372 auo
586 3323 653 3370 libro
664 3321 823 3370 Pulmauuus
834 3315 977 3363 invenerat.
1009 3311 1141 3359 Pmtoltere
1151 3309 1228 3368 anim,

625 3467 732 3518 ucria
810 3437 813 3444 ’

159 3575 177 3605 ·
203 3578 251 3623 185
277 3572 367 3620 Fooeat
386 3583 430 3632 pro
452 3581 546 3630 corpore
560 3563 662 3630 fluetus]
702 3555 955 3622 umbruperuudae?

127 3651 258 3703 Similiter
279 3645 357 3696 Ovid.
376 3645 404 3693 iu
421 3643 486 3693 Fab.
504 3640 619 3706 syringio
630 3640 662 3688 de
735 3637 750 3666 ⁸
778 3639 824 3684 198
852 3636 887 3682 Et
902 3631 986 3681 uiridi
1008 3626 1130 3691 persuadit
1152 3629 1230 3673 amate

127 3729 224 3778 Pauo:
242 3724 376 3786 ‘Corpore
387 3735 444 3784 ρτο·
452 3717 582 3782 Nymphae
596 3715 663 3765 cala·
704 3709 838 3773 Mosellam]
862 3708 961 3758 Montis
971 3703 1087 3754 umbram
1098 3703 1125 3751 ia
1136 3701 1232 3752 Mosel-

128 3821 187 3856 moa
197 3801 311 3853 tenuare
322 3796 471 3862 palustres!
661 3825 664 3835 .
704 3787 755 3836 lam
767 3783 881 3848 projicit,
898 3780 966 3830 uude
986 3776 1080 3826 montis
1097 3776 1181 3838 imago
1192 3773 1230 3822 fa-

147 3883 216 3929 219⁰
231 3877 366 3938 Respondet
376 3874 430 3922 colli
434 3872 542 3935 fluviae.-
552 3869 665 3928 frondere
705 3861 779 3913 ciliae
807 3861 834 3909 iu
859 3871 933 3906 amne
955 3853 1080 3904 cernitur.
1122 3848 1231 3898 Politice

132 3955 256 4012 uideatur,
277 3949 331 4014 dra]
362 3948 461 3998 Statius
484 3947 510 3994 in
531 3944 666 3994 Tiburtino
707 3927 1124 4004 quidemirlaomuiaefferuntur.

133 4029 247 4080 Manlii:
266 4026 400 4075 ‘Nemora
416 4023 470 4071 alta
488 4020 574 4070 citatis
591 4018 668 4068 Ioca-
738 4014 754 4043 ⁹
777 4016 825 4062 luo
841 4009 942 4060 Derisus
952 4001 1069 4068 [delarue]
1081 3997 1169 4058 radda,
1179 3995 1234 4060 aa]

135 4107 218 4155 buere
227 4101 301 4151 vadia
311 4115 324 4149 ε·
335 4098 413 4148 fallax
431 4101 568 4160 responsat
582 4095 668 4156 imago
708 4090 758 4138 Vel
770 4103 785 4138 a
797 4083 958 4142 vinitoribus,
974 4076 1059 4140 inquit
1077 4071 1234 4134 Mussipoat.

137 4177 296 4240 Fraudibus,
322 4180 350 4223 et
377 4174 466 4236 lungae
489 4171 580 4221 eadem
601 4169 669 4232 fugit
709 4179 772 4230 quor
789 4161 902 4217 cucullos
919 4154 1095 4208 vocitatum
1113 4147 1154 4196 uel
1175 4149 1234 4212 quia
