3000 4882
276 369 342 437 796
745 381 898 433 nusnnrr

277 526 579 610 Agamemnonem:
604 527 813 604 Occiderem,
828 529 945 611 inquit,
968 527 1074 604 illum,
1096 529 1154 612 qui
1170 549 1224 592 me
1240 529 1372 593 tertium

276 631 490 696 nominasset.
533 632 586 694 60.
610 631 962 712 Omagnanimitatem
983 631 1158 695 fortissimi
1175 632 1255 694 viri!
1301 631 1372 694 Nn-

276 732 393 795 minari
423 732 508 795 inter
533 752 650 796 novem
674 733 793 797 tertius
818 733 1020 811 recusabat;
1043 731 1101 795 ubi
1117 741 1205 796 certe
1221 733 1372 814 pluribus

278 832 504 910 antecelleret,
532 853 631 916 quam
659 837 825 899 subesset.
871 833 1004 912 Quanta
1017 835 1070 898 bic
1086 835 1286 899 verecundia
1301 853 1373 916 gra-

277 943 411 999 varetur
425 937 590 1019 posterior
604 937 646 1000 de
665 936 818 1000 duobusl
863 936 927 1001 Est
940 935 1027 999 enim
1041 937 1076 998 in
1091 937 1156 1000 boc
1171 956 1307 1000 numero
1322 957 1374 1001 ar·

277 1035 352 1100 duae
376 1036 476 1118 plena
493 1036 696 1119 dignationis
712 1038 855 1102 electio.⁷
899 1036 983 1099 Cum
1002 1037 1165 1102 universis
1179 1039 1374 1102 mortalibus

278 1138 360 1212 duo,
382 1139 441 1221 qui
464 1138 546 1202 fiant
569 1137 740 1216 ConsuleS,
764 1139 993 1221 praeferuntur,
1016 1139 1075 1220 qui
1090 1139 1184 1202 alteri
1200 1139 1373 1220 praeponi-

278 1247 343 1319 tur,
363 1259 429 1304 non
444 1241 513 1316 nni,
529 1241 588 1304 sed
602 1243 757 1306 omnibus
772 1240 961 1305 antefertur.
1006 1239 1060 1302 61.
1084 1239 1273 1322 Expectare
1287 1259 1375 1304 nunc

279 1361 374 1406 aures
390 1343 606 1425 praesentium
623 1345 706 1422 scio,
728 1350 761 1406 et
774 1343 920 1406 eminere
936 1344 969 1405 in
984 1343 1128 1405 omnium
1145 1343 1236 1404 vultu
1252 1342 1375 1406 intelli-

278 1462 333 1524 go,
364 1442 463 1526 quid⁸
493 1443 656 1507 desiderio
686 1446 892 1527 concipiatur
919 1445 1114 1508 animorum.
1168 1442 1376 1508 Existimant

278 1545 365 1606 enim
381 1563 456 1607 cum
472 1564 523 1622 ea,
547 1565 622 1626 quae
636 1546 678 1608 ad
695 1552 806 1627 grates
822 1545 968 1626 agendas
985 1545 1209 1628 pertinebant,
1227 1563 1376 1608 summa·

278 1644 635 1724 timtenuiorefi10,ut
660 1647 795 1724 dieitur,
818 1646 962 1711 deducta
984 1645 1170 1722 libaverim,
1193 1646 1308 1728 aliqua
1322 1665 1376 1708 me

279 1747 380 1812 etiarn
409 1735 463 1810 de'
484 1748 672 1832 majestatis
702 1756 769 1812 tuae
810 1748 966 1811 leudibus
995 1748 1115 1811 debere
1146 1748 1375 1831 perstringere.

278 1849 331 1913 62.
355 1848 557 1932 Quanquam
572 1870 625 1914 me
645 1850 743 1914 istam
768 1849 909 1914 dixerim
926 1847 1118 1932 seposuisse
1132 1849 1315 1925 materiam,
1340 1855 1375 1911 et

279 1951 313 2013 in
342 1957 476 2032 tempus
506 1951 599 2016 aliud
622 1971 802 2030 reservare,
827 1950 1044 2014 nihilominus
1075 1955 1197 2028 tamen,
1220 1957 1258 2015 ut
1283 1970 1375 2014 nunc

280 2051 396 2135 aliqua
424 2053 624 2134 contingam,
647 2061 730 2117 nutu
759 2061 794 2117 et
822 2071 928 2136 prope
957 2069 1120 2115 murmure
1150 2053 1376 2118 cohortantur.

282 2152 400 2236 Itaque
427 2152 565 2231 faciam3
590 2154 722 2234 quando
752 2158 872 2234 cogunt
900 2151 1082 2232 volentem
1105 2151 1164 2214 sed
1190 2152 1375 2236 majoribus

281 2253 455 2336 separatis,
477 2254 625 2318 tenuiora
651 2255 849 2330 memorabo,
871 2254 964 2316 nulla
990 2271 1051 2336 spe
1075 2253 1120 2316 ad
1145 2253 1279 2335 plenum
1295 2272 1376 2316 exe·

199 2351 200 2356 ’
281 2355 420 2442 quendi:
452 2355 512 2418 sed
541 2355 687 2420 universi
715 2360 752 2417 ut
780 2355 978 2441 intelligant,
999 2372 1126 2432 eorum,
1158 2374 1236 2443 qnae
1267 2351 1379 2423 intusf

279 2584 359 2630 negem
370 2571 521 2634 Mycenarum
533 2572 695 2648 locupletiumf
709 2573 960 2648 interficeremitlrem,
977 2573 1021 2632 ait,
1038 2572 1078 2635 pai
1093 2572 1259 2622 omninacisset
1276 2587 1314 2621 me
1328 2577 1378 2621 ter-

280 2635 349 2684 tiam.
391 2637 413 2684 0
431 2635 649 2696 magnanimitatem
667 2636 714 2684 oiri
732 2635 882 2696 fortissimi!
915 2607 1046 2700 Respeedat
1065 2636 1183 2686 nominari
1204 2637 1292 2686 tertias
1313 2638 1377 2686 inter

280 2713 376 2755 ιιιιιιιιι,Ι
391 2701 470 2764 quoin
480 2701 528 2748 loeo
537 2700 641 2762 profecto
650 2701 954 2764 prolatusemetplarr'bus,
965 2716 1034 2764 qaam
1043 2701 1193 2800 postpositas.
1229 2701 1325 2757 Quanto
1336 2702 1378 2751 itte

278 2766 366 2825 pudore
376 2769 520 2825 comeretur,
535 2766 557 2812 si
567 2765 701 2814 nominatas
713 2770 773 2814 esset
783 2767 896 2815 secundus
911 2781 941 2814 erc
955 2762 1061 2814 duobus?
1094 2765 1186 2813 Nam
1176 2781 1203 2814 ιιι
1220 2766 1261 2813 boe
1280 2780 1377 2814 numero

280 2827 361 2876 electio
369 2828 436 2877 babet
447 2830 556 2878 bonorem
566 2845 617 2877 cam
628 2845 713 2891 magna
722 2831 864 2892 adipiscendi
873 2830 1011 2894 difficultate
1020 2828 1175 2890 conjunctam.
1211 2831 1310 2886 Quando
1329 2832 1376 2878 duo

281 2906 312 2940 erc
322 2892 453 2942 bominibus
461 2893 551 2942 cumis
561 2899 733 2956 anteponantur
742 2895 827 2943 ceteris
837 2899 865 2943 ut
874 2899 982 2942 creentur
995 2895 1170 2951 consulendis
1187 2896 1228 2957 qur·
1245 2895 1376 2956 prefertur·

280 2957 359 3020 elteri,
374 2972 420 3007 non
428 2957 556 3020 prefertur
567 2958 609 3006 arri
620 2963 723 3018 tantum,
738 2961 780 3006 sed
791 2958 904 3007 οιιιιιὶΙιιιι.
938 2957 1002 3005 Noni
1019 2972 1081 3006 nanc
1099 2971 1168 3006 aures
1186 2959 1315 3006 astantiam
1334 2973 1377 3006 erc·

278 3027 382 3096 pectore,
399 3027 423 3070 et
433 3037 533 3083 ognome
542 3037 655 3085 apparere
665 3024 690 3070 in
700 3036 740 3070 ore
750 3029 893 3083 canctmmn,
909 3021 966 3084 qaid
974 3023 1181 3083 comprehendatur
1191 3022 1299 3084 cupidine
1312 3037 1377 3070 men·

278 3083 348 3133 tiam.
390 3085 483 3134 Rentur
501 3101 600 3148 namque
616 3099 669 3134 carn
687 3086 811 3148 attigerim
826 3101 853 3135 ea
874 3101 926 3148 qua
943 3085 1078 3148 spectabant
1098 3087 1130 3134 ad
1149 3089 1253 3147 agerrdos
1272 3087 1377 3148 matins,

281 3148 405 3198 enreotiate
414 3152 571 3212 compendiose
581 3151 695 3204 oratione.
712 3156 738 3199 ut
749 3151 826 3213 aiunt,
837 3151 904 3212 exili,
918 3163 953 3198 me
963 3149 1045 3199 debere
1056 3164 1142 3228 quoque
1156 3149 1258 3198 delibem
1269 3153 1377 3213 paredam

281 3213 310 3260 de
320 3212 426 3262 ambae
436 3218 483 3261 tua
493 3214 639 3273 Maiestatis.
672 3215 728 3264 Etsi
739 3214 924 3274 monuerimjom
934 3228 971 3262 me
978 3214 1101 3263 seerecime
1111 3214 1337 3275 mercamentum,
1352 3220 1377 3263 et

282 3287 399 3325 reamare
407 3277 433 3324 ιἰι
442 3277 508 3326 alind
519 3282 617 3340 tempas,
634 3284 739 3328 attamen
749 3279 904 3328 adhortantur
914 3292 950 3326 me
961 3283 1028 3340 nuto,
1045 3293 1072 3328 aa
1079 3293 1145 3341 pane
1155 3279 1376 3340 obmurmuratione,

281 3343 379 3388 atnenc
392 3342 552 3402 perstringam
568 3343 648 3404 aliqua
666 3343 695 3391 de
712 3342 770 3392 illis.
805 3343 903 3396 Faciam
920 3342 1013 3418 igitar&
1030 3345 1120 3405 quando
1137 3343 1229 3406 quidem
1247 3344 1278 3390 ad
1295 3343 1322 3391 id
1339 3358 1377 3392 me

282 3401 447 3478 adiguntjcm
462 3410 544 3467 sponte
560 3407 747 3468 propendentem.
784 3407 869 3456 Veram
888 3407 997 3469 seposms
1013 3407 1148 3467 mnjoribus,
1164 3405 1266 3466 reseram
1284 3412 1377 3455 tantum

282 3467 382 3529 minora,
399 3483 444 3516 non
454 3471 514 3531 qaod
523 3484 614 3532 sperem
624 3485 661 3520 roe
676 3484 744 3533 posse
758 3473 795 3520 rel
812 3486 840 3521 ea
850 3473 919 3535 plene
934 3471 1080 3534 predicare:
1096 3473 1137 3520 eed
1153 3475 1181 3519 at
1199 3485 1278 3521 omnes
1295 3471 1378 3520 norim

739 3625 919 3648 &W

284 3737 358 3788 ardua
375 3739 445 3802 plane
461 3738 608 3802 dignefims
627 3735 729 3790 eiectio?
747 3740 878 3803 vulgatum
897 3739 1014 3792 rectum?
1028 3739 1173 3792 sanat—e
1191 3741 1259 3798 Quos
1275 3741 1378 3804 vulg.-

774 3885 883 3936 NOTAE

315 3999 502 4062 ‘Eorumque
522 3998 595 4056 intas,
606 3999 660 4062 da]
678 4000 807 4050 Domesti·
848 3998 906 4048 frsr-
927 3997 1056 4048 ‘Possum
1074 3997 1376 4050 riderifamiliarisnoti·

271 4087 381 4136 ‚aarum
392 4087 449 4138 qnae
460 4076 535 4122 nemo
543 4075 808 4162 potestmel'rnsnosse
848 4075 893 4123 tire
911 4080 1026 4124 secretus
1037 4074 1165 4137 interpres
1177 4074 1338 4124 domestica
1331 4083 1377 4126 rst-

282 4164 358 4226 quam
370 4163 419 4211 ego
431 4153 578 4212 praeceptor
589 4155 656 4214 tiaras,
667 4150 711 4214 qai
723 4157 807 4198 tecum
848 4151 915 4200 haec
919 4165 972 4200 non
989 4158 1041 4200 tam
1058 4150 1201 4214 praedicare
1219 4165 1296 4215 qaam
1317 4166 1375 4215 pro·

284 4237 358 4286 paene
370 4223 404 4272 ab
415 4222 607 4272 incunabulis
584 4225 644 4273 vrri.
676 4223 777 4274 Unde'
770 4239 808 4274 ru·
849 4225 934 4276 dere!
