3000 4882
290 346 355 411 726
753 356 907 408 sasonrr

291 501 370 568 darn
386 500 600 566 succedentes
614 501 787 583 quatiebat
802 503 897 566 Luna
914 501 1097 583 juvencas:

292 602 450 666 Vincerat
463 608 501 666 ut
514 602 665 666 tenebras
679 603 796 681 radiis,
818 603 909 667 velut
925 595 1043 667 aemula
1056 601 1176 668 fratris.

240 753 244 762 ,
292 699 370 767 Jam
386 703 551 780 volucres,
573 703 805 785 bominumque
821 725 923 786 genus
938 705 1122 788 superabile
1137 703 1238 782 curie,
1356 704 1382 767 5

292 801 485 868 Muleebant
498 803 622 886 placidi
636 805 819 887 tranquilla
833 807 958 870 oblivia
972 807 1092 869 somni.

291 904 506 969 Transierant
521 903 613 982 Idus,
635 905 765 969 medius
781 925 935 990 suprema
950 905 1138 971 December

291 1004 460 1088 Tempora
475 1009 607 1068 venturo
622 1008 825 1089 properabat
842 1005 980 1091 jungere
994 1005 1017 1070 J
1020 1025 1095 1069 ano.

293 1103 338 1169 Iit
350 1123 455 1171 nonas
470 1105 619 1169 decimas
635 1107 676 1168 ab
692 1124 729 1168 se
742 1125 810 1169 nox
826 1106 924 1188 longa
940 1104 1113 1169 Kalendas

296 1205 319 1270 J
322 1205 426 1289 ugiter
439 1205 541 1270 acciri
556 1205 754 1270 celebranda
769 1206 811 1269 ad
827 1206 913 1270 testa
929 1205 1078 1289 jubebat
1336 1206 1381 1269 1⁰

336 1352 473 1430 Nescis,
485 1359 580 1436 puto,
592 1354 673 1436 quid
688 1354 785 1418 velim
800 1361 851 1420 tot
867 1355 1014 1418 versibus
1026 1353 1146 1417 dicere.
1175 1354 1225 1418 ll.
1242 1352 1380 1420 Medias
1486 1391 1487 1420 ι

291 1453 389 1518 fidius
418 1471 525 1536 neque
549 1454 633 1516 bene
656 1455 730 1537 ipse
755 1455 921 1534 intelligo:
951 1462 1064 1518 tamen
1089 1455 1255 1536 suspicor.
1299 1455 1379 1520 Jam

291 1554 398 1638 prima
422 1574 492 1618 nox
515 1559 585 1618 erat
610 1561 687 1618 ante
713 1556 800 1619 diem
822 1576 940 1619 nonum
967 1554 1131 1618 decimum
1151 1553 1379 1620 Kalendarum

291 1653 535 1732 ianuariarum,
557 1673 633 1722 oum
657 1655 794 1720 redditae
818 1662 897 1719 sunt
919 1654 1000 1718 mihi
1024 1655 1129 1718 literae
1143 1660 1229 1718 tuae·
1249 1655 1379 1738 oppido

292 1774 391 1842 quam
404 1757 556 1822 literatae.
599 1757 655 1822 12.
677 1756 853 1839 Hislonge
871 1757 1151 1841 jucundissimum
1165 1755 1379 1844 podmaflsub·
1486 1817 1487 1822 ,

292 1857 437 1932 dideras,
452 1857 541 1941 quod
557 1856 598 1920 de
612 1857 718 1921 tribus
728 1857 874 1922 Suetonii
885 1858 988 1936 librisr,
1001 1877 1085 1940 quos
1099 1856 1156 1920 ille
1169 1856 1211 1921 de
1226 1857 1381 1938 regibusb

254 1973 259 1980 ·
293 1957 394 2035 dedit,
415 1959 449 2021 in
463 1943 626 2040 epitomen
641 1957 794 2039 oobgisti,
816 1965 911 2023 tauta
930 1958 1103 2041 elegantia,
1125 1958 1218 2021 solus
1239 1965 1277 2021 ut
1297 1959 1379 2022 milri

292 2155 375 2206 Ibero:
384 2157 436 2218 J'am
447 2158 517 2208 beau
527 2159 634 2219 agitabat
644 2175 699 2208 suas
714 2159 782 2208 bocer
793 2161 941 2210 succedentes
953 2159 1018 2210 Soli:
1030 2164 1061 2213 ‚ut
1077 2163 1197 2222 superaret
1214 2155 1381 2206 abamitatem

291 2223 366 2269 sactu
375 2222 450 2270 radiis
460 2223 515 2276 aab,
531 2223 597 2284 quasi
607 2223 783 2282 ricdbfratris
793 2226 838 2274 sect.
861 2226 919 2273 dam
929 2238 990 2284 acce,
1001 2227 1024 2272 et
1034 2237 1109 2284 genus
1119 2223 1235 2270 tarnim
1251 2223 1313 2284 acad
1327 2235 1381 2282 pre·

291 2284 366 2332 nita
375 2286 569 2348 utbbcdiatbus,
585 2287 754 2335 detiniebaetur
761 2287 860 2349 poeuis
867 2288 1019 2336 oblivionibus
1028 2287 1102 2349 quieti
1111 2287 1210 2348 aparte.
1242 2285 1301 2334 Idus
1312 2289 1382 2332 erata

291 2348 386 2410 elapsa,
400 2351 489 2398 medice
502 2349 760 2406 Decemberscctircabat
770 2351 909 2412 conjungere
919 2353 982 2400 Jaao
993 2350 1125 2398 adamant
1139 2363 1181 2397 cca
1198 2354 1303 2398 extrem
1320 2353 1382 2397 teia·

288 2424 356 2472 para.
390 2413 424 2460 Et
435 2428 482 2460 nox
491 2413 560 2474 tango
571 2413 701 2462 aecasebat
713 2414 820 2462 continuo
831 2415 893 2463 diem
908 2416 1022 2464 deciorum
1037 2427 1120 2462 acacio
1137 2418 1192 2462 octe
1201 2413 1325 2461 Kalendas
1335 2413 1380 2460 da·

291 2473 387 2521 auceiae
398 2476 429 2522 ad
440 2475 644 2536 celebrandasssta
656 2477 850 2526 Saturttoliorum.

325 2534 433 2598 igneas,
448 2542 476 2586 ut
485 2537 598 2599 arbitror,
615 2541 669 2601 quid
681 2541 748 2588 aelim
759 2540 889 2602 exprimere
900 2545 934 2588 tot
950 2539 1061 2590 versibus.
1095 2541 1165 2589 Certe
1181 2554 1252 2602 aeque
1268 2553 1312 2600 ego
1331 2540 1382 2601 ipse

292 2599 402 2648 cateno:
417 2601 522 2662 suspicor
532 2602 690 2652 nibilominus.
722 2604 779 2651 dara
790 2604 916 2665 incipiebat
926 2621 974 2653 aex
989 2619 1040 2668 qao
1057 2604 1168 2666 praedit
1186 2605 1247 2653 dum
1265 2603 1380 2652 &dmum

290 2677 377 2713 sauata
387 2668 442 2713 cate
453 2666 574 2714 Kalendae
582 2667 720 2727 desecatae,
737 2668 871 2716 umaltata
881 2671 957 2717 estad
967 2683 1003 2717 me
1015 2668 1122 2730 Epistola
1142 2673 1183 2716 tua
1199 2681 1312 2729 perquam
1329 2681 1381 2715 ere

290 2726 350 2776 dita.
382 2727 544 2788 Musecros
554 2729 591 2778 itti
603 2730 705 2778 Camers
716 2731 964 2792 angerinensem,
981 2733 1041 2794 paud
1052 2733 1081 2780 de
1091 2731 1167 2780 tribus
1182 2731 1249 2778 libris
1259 2729 1382 2786 Summi,

292 2803 348 2853 quas
357 2790 398 2841 ille
408 2791 482 2846 edidit
494 2794 523 2842 de
532 2793 634 2856 regibus,
649 2797 774 2843 coarctasti
783 2794 809 2843 ia
820 2797 986 2858 comperuisse,
1001 2801 1069 2845 tarta
1085 2799 1212 2857 venustate,
1227 2800 1254 2843 ut
1271 2800 1299 2843 tc
1319 2808 1381 2842 caue

781 2939 888 2990 NOTAE

323 3031 482 3086 bocatiebat
503 3032 571 3082 Lana
584 3032 709 3094 jaoeacas]
732 3034 814 3097 Supra
851 3034 976 3097 junxerat
988 3034 1021 3084 de
1033 3035 1145 3096 regibus.
1178 3034 1281 3084 Paulini
1292 3039 1379 3084 antem

290 3106 375 3168 Epist.
385 3119 411 3154 v.
423 3107 455 3156 ad
464 3108 591 3156 'llreooern
602 3124 609 3157 r
627 3109 635 3136 ‘
647 3107 736 3157 Tertio
751 3108 814 3158 fissi·
855 3111 959 3170 Literna,
970 3115 997 3158 et
1008 3110 1124 3172 Epistola
1134 3125 1185 3174 qao
1196 3110 1228 3158 iis
1238 3112 1380 3173 respondet

290 3181 512 3243 pedestenoeavit
525 3182 594 3230 Luna
602 3181 747 3243 juvencos!
770 3182 813 3230 Ad
854 3182 993 3244 Ariconius,
1009 3189 1069 3232 unte
1087 3198 1180 3233 annam
1199 3187 1254 3234 too.
1271 3185 1378 3248 scripta

288 3269 475 3321 qaemrersarn
487 3256 653 3306 rideuotata.
852 3255 967 3318 fererant,
994 3270 1045 3321 quo
1069 3265 1178 3306 exeunte
1202 3257 1327 3306 Paulinus
1352 3258 1382 3306 in¹

320 3336 337 3381 9
354 3333 436 3381 Nonas
445 3333 546 3382 &amas
556 3367 577 3384 ..
588 3334 735 3396 ‚Kateadm]
752 3335 812 3384 Non
854 3332 1003 3394 Hispaniam
1018 3331 1134 3394 secessit,
1149 3338 1179 3381 ut
1189 3346 1216 3381 se
1227 3332 1351 3395 paulatim
1362 3347 1379 3381 a

289 3415 375 3455 tamen
386 3405 429 3459 die
439 3412 478 3456 lo.
488 3409 615 3460 Kelusa.
629 3411 673 3459 sed
686 3414 726 3459 16.
747 3412 813 3459 cele·
853 3421 938 3456 reram
954 3413 1114 3456 terrenarum
1129 3413 1262 3457 contemtu
1281 3408 1312 3456 ad
1329 3421 1380 3458 cres

290 3479 359 3528 brari
376 3479 533 3543 incipiebant
551 3483 724 3532 exCaesarum
745 3485 814 3535 edie-
852 3483 955 3531 lestiuar
978 3496 1090 3532 amorem
1114 3485 1235 3545 erigeret.
1268 3483 1380 3533 Constat
1487 3461 1488 3496 ³

288 3555 490 3618 tisSatarnaliu3
509 3569 567 3620 qua
587 3556 654 3607 testa
670 3558 711 3606 hic
730 3559 814 3608 innuit
852 3559 919 3608 eninr
931 3574 964 3609 ex
975 3557 1091 3622 ejusdem
1107 3558 1226 3607 Carmine
1239 3571 1268 3607 x.
1287 3573 1326 3608 vs.
1339 3564 1378 3608 19.

288 3631 427 3680 Ausonius.
473 3632 560 3680 Nonas
596 3633 708 3681 decimas
734 3635 814 3696 igitur
847 3636 967 3700 jamtum
981 3635 1073 3695 Masis,
1092 3633 1258 3697 Poiiticisqae
1275 3634 1380 3684 Fabulis

289 3706 421 3760 Kalendae
433 3707 534 3757 hicnon
545 3714 574 3756 ut
590 3708 657 3756 diem
674 3709 813 3771 ipsumsi·
852 3711 953 3761 omnino
964 3711 1125 3760 valedixisse.

288 3782 467 3844 turnolioraar,
484 3783 528 3832 sed
541 3782 717 3832 Saturnalibus
728 3786 813 3845 proxi·
884 3786 895 3820 b
912 3788 981 3842 Quod
991 3789 1020 3835 de
1031 3785 1107 3834 tribue
1117 3783 1226 3834 &nonii
1235 3783 1312 3844 tibris,
1323 3799 1379 3848 puae

289 3871 358 3908 mum
371 3857 448 3907 acciri
457 3858 488 3907 ab
499 3858 574 3922 longe
587 3858 631 3907 illa
641 3865 719 3908 nocte
737 3859 813 3908 intel·
851 3862 892 3912 itte
908 3863 937 3910 ds
953 3859 1058 3922 regibus]
1075 3860 1168 3923 Neque
1183 3859 1301 3909 Suetonii
1319 3860 1378 3910 libri

287 3934 419 3998 ligandam
430 3940 478 3983 est.
710 3973 711 3980 ,
852 3937 885 3987 de
897 3937 999 4000 regibus
1010 3935 1086 3986 bodie
1097 3941 1196 3991 extant,
1212 3949 1296 4000 neque
1314 3937 1379 3999 Epi·

321 4008 594 4058 '‘Gumredditoeeaat
602 4009 811 4074 mitiliteroetuoe]
852 4019 921 4062 tome
952 4012 1054 4062 illorum
1080 4023 1096 4059 a
1123 4010 1233 4060 Paulino
1261 4011 1379 4061 versibus

287 4087 481 4138 interciderant
502 4089 562 4150 illu,
589 4103 640 4138 una
666 4097 694 4138 et
715 4089 812 4139 Poiima
851 4089 957 4151 scripta.

289 4162 356 4227 quod
375 4164 406 4212 iis
424 4164 546 4214 Paulinus
563 4179 595 4213 ex
611 4165 734 4215 Suetonio
751 4166 814 4232 snb-3
