2998 4884
550 349 727 398 nnrnnts.
1117 335 1184 404 525)

97 485 160 550 Ille
170 487 273 550 etiam
285 485 446 552 thalamos
461 504 521 571 per
535 489 620 554 trinu
635 491 815 571 oenigmata
827 507 991 572 quereus,

99 585 170 664 Qui
183 589 292 670 bipes,
306 594 342 652 et
355 587 545 672 quadrupes
559 590 656 668 foret,
670 598 704 656 et
717 592 832 673 tripes,
845 594 957 658 omnus
971 593 1076 674 solus,

96 687 233 752 Terruit
246 686 393 753 Aoniam
407 688 565 767 volucris,
576 691 642 767 leo,
653 692 760 773 virgo,
773 691 930 756 triformis
1140 697 1184 762 tn

98 787 242 872 Sphinx,
256 789 402 854 volucris
414 792 543 873 pennis,
556 790 697 874 podibus
710 791 793 870 fere,
806 790 910 857 fronte
923 795 1042 876 puella.

96 889 200 954 Trina
213 891 249 954 in
262 890 408 974 Tarpeio
421 891 548 972 fulgent
561 892 730 956 consortie
742 890 880 977 templo.

93 1093 263 1164 montet
277 1089 395 1153 resno.
428 1089 476 1140 un
496 1103 584 1154 turn
601 1087 704 1154 buu,
714 1105 766 1155 oc
776 1093 871 1156 mpetu
884 1095 1026 1158 uomebat
1040 1097 1073 1158 u,
1084 1097 1124 1162 ru·
1137 1095 1185 1148 ee

98 1158 166 1201 seret
174 1154 278 1214 migma
289 1155 388 1215 triplex,
396 1169 477 1217 nempe
487 1154 540 1218 quie
551 1159 611 1204 esset
626 1155 698 1218 bipes,
712 1161 735 1204 et
753 1159 892 1220 quadrupes,
909 1164 935 1208 et
952 1160 1034 1223 tripes,
1050 1162 1100 1210 boee
1109 1163 1187 1212 nmio

97 1227 168 1278 usu,
177 1217 299 1266 territavit
313 1217 437 1278 Bestiam,
453 1233 505 1268 cum
514 1223 574 1267 essct
583 1217 709 1282 triformis,
720 1220 772 1268 cois
789 1221 886 1277 wilicm
902 1222 946 1286 leo,
954 1225 1031 1286 psello
1040 1239 1051 1283 ,·
1071 1226 1122 1274 usis
1131 1226 1187 1286 clu,

98 1279 177 1329 bellun
193 1279 301 1344 pedibus,
327 1281 395 1343 uirgo
410 1282 485 1332 odiu.
519 1283 599 1332 Coetru
613 1283 686 1332 trium
709 1284 831 1336 nemim
848 1286 919 1336 trient
940 1286 967 1336 t's
982 1289 1066 1352 templo
1089 1290 1185 1353 Cupito·

555 1425 732 1452 memo»

92 1542 212 1608 gendum
222 1543 452 1609 mouetflcotigerr
469 1543 537 1608 queo
548 1545 673 1597 erbibent
685 1546 746 1596 edd.
762 1547 859 1613 Delpb.
874 1557 902 1598 ct
916 1539 1051 1604 '‘roll-tt
1069 1553 1118 1610 Qut
1127 1565 1187 1605 succ

588 1691 695 1750 NO'l'AE

96 1811 137 1860 sic
148 1811 245 1860 uetere
258 1801 330 1860 Mes.
348 1811 394 1863 lib.
412 1823 445 1862 rr.
456 1810 501 1861 ubl
511 1811 543 1860 de
553 1811 625 1861 insti·
664 1811 750 1875 gendo
759 1810 836 1864 flores
854 1815 962 1879 tornulo,
972 1813 1046 1868 indos
1057 1821 1085 1868 st
1099 1815 1190 1883 e‘pulos

96 1885 304 1951 tutissntiqnisz
328 1885 525 1938 ‘Gladiatorum
534 1900 624 1937 munus
664 1886 758 1939 dendo.

85 1962 210 2024 primum
218 1961 310 2010 Rotnte
320 1961 411 2011 dstutb
422 1962 449 2011 in
457 1960 623 2025 t‘oroBottrlo,
695 1966 728 2010 88
735 1963 780 2012 Ille
789 1963 941 2028 [ltlo]·ctium
950 1966 1185 2031 thalamumque·

97 2035 191 2100 Appio
224 2034 343 2099 claudio,
372 2037 412 2086 Μ.
440 2035 531 2086 Fulvio
553 2036 624 2088 Coss.
663 2035 728 2098 ress]
748 2037 807 2087 Non
818 2038 877 2101 sibl,
887 2040 932 2089 sed
942 2040 1065 2105 locustis,
1081 2056 1139 2107 qun
1150 2045 1189 2092 in*-

96 2109 240 2160 Dedernttt
250 2109 356 2160 Murcus
367 2115 394 2159 et
404 2110 529 2161 Declrnus
538 2111 625 2174 Bruti,
663 2110 774 2180 terpreti
792 2113 936 2176 oeuigntntis
946 2115 1023 2180 illins,
1034 2117 1161 2168 Boeotlatu
1174 2131 1190 2168 s

95 2185 205 2238 funebri
222 2187 438 2250 memoriepetris
460 2187 560 2236 cineres
580 2186 625 2235 bo·
661 2183 774 2248 Sphinge
781 2185 928 2246 liberatum,
936 2189 1110 2253 seipsemeutn
1118 2207 1190 2257 scep-

95 2257 238 2310 norsntlo?
442 2295 445 2300 ,
663 2263 706 2308 tro
727 2259 871 2311 Thebarum
898 2277 1004 2313 uxorem
1030 2267 1191 2328 promiserat.

130 2334 147 2365 *⁸
157 2334 272 2384 runca
287 2333 367 2398 patrio
383 2332 482 2394 inferlm
498 2334 579 2385 misere
589 2345 626 2385 so·
663 2333 935 2398 AEnigmspotroillud
947 2338 979 2386 de
991 2339 1191 2405 bomineexposi

92 2408 190 2476 pules-o]
217 2408 343 2459 ¹Androcus
354 2409 476 2459 schottus
487 2407 625 2461 Observet.
665 2407 1190 2476 tuntub‘OEtlipode,quldeindelocestem

94 2487 142 2538 lib.
158 2497 191 2535 rr.
202 2497 228 2533 c.
242 2483 430 2549 ”degendum
446 2490 523 2547 putet
534 2483 627 2548 Iliona,
665 2483 1092 2541 metreminseieusuxoremdoxit.
1114 2493 1191 2542 cete·
1215 2509 1217 2514 ’

95 2565 126 2611 ut
138 2559 176 2610 de
194 2559 306 2609 Anchise
324 2557 367 2608 nti
385 2554 438 2609 titto
457 2557 625 2625 intelligetur,
666 2557 1192 2620 relocastcaedomusiufortuoienotioru

95 2635 211 2699 incujus
229 2632 345 2698 exequiis
365 2635 439 2698 pueri
458 2635 484 2684 ln
506 2641 559 2685 tres
574 2642 626 2685 tor·
665 2638 734 2694 snut,
741 2643 817 2698 quum
829 2640 858 2685 ut
867 2633 986 2686 bicorne
997 2636 1149 2689 referentur.

11 2741 12 2752 t
94 2725 153 2760 runs
166 2707 626 2773 dirisiijsnumegmenlurerunt,
696 2709 729 2755 ⁴⁰
745 2707 858 2773 Aonium]
884 2711 1193 2775 Eeproprispsrslllon·

43 2821 46 2828 .
95 2779 335 2845 utexvirgillillb.
343 2796 369 2831 v.
378 2787 460 2846 putet.
475 2783 541 2834 Quis
550 2783 628 2846 enirn,
665 2785 727 2830 tone
743 2779 794 2832 fuit
807 2784 1016 2850 resonetque
1034 2791 1120 2836 tomen
1136 2789 1193 2838 tots

96 2859 187 2927 inquit
197 2860 330 2923 schottus,
342 2860 397 2923 quis
410 2860 514 2909 tandem
530 2860 573 2908 ille
582 2859 627 2910 Jn·
666 2855 767 2904 Boeotie
781 2855 866 2907 Aonie
877 2859 948 2908 dicte
958 2866 1010 2923 est,
1029 2868 1058 2910 nt
1069 2867 1097 2910 et
1108 2861 1191 2912 Musae

94 2937 207 2994 niudes?
224 2935 319 2994 Dicere
336 2933 423 2998 potins
434 2934 574 2998 debuisset,
584 2935 628 3000 qul
668 2927 790 2993 Aonides,
802 2931 900 2981 eionte
910 2932 984 2982 Aone
993 2933 1109 2997 ejusdem
1127 2937 1193 3000 regi-

97 3013 137 3062 iili
148 3009 287 3064 Jnniedae?
308 3012 367 3059 Vox
384 3009 453 3059 enim
469 3016 510 3058 est
519 3011 544 3058 in
555 3016 628 3058 recto
668 3004 725 3054 onis
751 3005 834 3055 Musis
855 3014 1015 3072 consecrato,
1042 3017 1109 3061 testo
1136 3012 1194 3060 Ste-

90 3101 174 3137 ¹cisitu.
215 3084 334 3136 Junteooe
351 3089 436 3136 nutem
452 3083 491 3133 illi
504 3083 551 3134 filii
568 3089 628 3134 snut
666 3077 761 3144 pheno.

96 3161 208 3211 'ulterius
220 3159 292 3212 sunu
302 3160 388 3220 Bruti,
396 3159 429 3208 (le
437 3157 528 3223 quibus
539 3159 627 3209 Veler.
696 3151 715 3184 '⁸
730 3159 762 3206 t1
778 3155 884 3222 Spiritus]
900 3160 942 3210 Ex
950 3160 1079 3224 Typhone
1090 3168 1118 3212 et
1133 3161 1193 3212 cti·

99 3237 176 3286 Mer.
185 3235 232 3284 lib.
241 3248 272 3284 rr.
283 3241 311 3284 et
323 3235 411 3284 Livius
420 3233 464 3284 lib.
475 3246 535 3283 xrre
551 3234 628 3297 quisi
668 3243 746 3280 mers
755 3239 826 3295 nutu,
837 3240 904 3283 teste
915 3233 1031 3286 Hesiodo
1042 3237 1067 3285 ln
1078 3236 1195 3302 'l'beogo-

100 3315 294 3373 totusexteret,
311 3323 361 3359 uon
379 3315 447 3358 esset
464 3308 629 3358 divinandum
668 3307 720 3356 nie.
742 3307 880 3370 Sphingem
892 3311 974 3359 trudit
981 3311 1132 3363 Lactantius
1142 3314 1194 3365 dici
1270 3345 1273 3353 -
1292 3306 1300 3324 ⁸

100 3396 159 3449 qun
172 3386 289 3434 siotttes
299 3384 351 3434 illue
364 3396 456 3448 pugnae
464 3391 493 3434 et
503 3384 585 3446 selloe,
595 3383 629 3432 de
668 3379 715 3428 set
726 3383 771 3430 τοῦ
789 3381 908 3447 σφίγγειν,
926 3381 1065 3449 stringere,
1081 3401 1113 3436 eo
1123 3389 1194 3452 quod
1213 3415 1215 3422 ν

98 3459 282 3522 quibusversu
295 3459 438 3521 superiore.
468 3456 639 3507 Inferiore..
670 3453 721 3504 suis
748 3457 927 3520 enigmatibus
947 3459 1077 3510 bominum
1095 3470 1195 3512 mentes

101 3549 131 3582 ro
139 3535 200 3582 sunt
216 3545 291 3582 sucro
299 3537 457 3582 mortuorum
468 3547 525 3596 quoe
536 3530 629 3582 Inferis
669 3529 866 3592 perstringeret.

100 3608 246 3658 solvuntur.
288 3609 377 3657 Docet
404 3606 509 3656 Servius
532 3621 630 3656 morem
700 3609 733 3654 ⁴2
749 3605 978 3670 llinuinanpeio,
991 3605 1045 3671 tre]
1068 3605 1132 3657 'l'riu
1149 3624 1197 3659 nn·

102 3681 182 3733 fuisse
202 3683 231 3730 in
248 3682 373 3744 sepulcris
391 3682 504 3732 virorum
523 3681 630 3732 fortium
670 3679 739 3728 mine
759 3679 838 3729 celles
856 3679 986 3730 hebebant
1007 3681 1034 3729 in
1056 3682 1197 3747 Capitolio,

101 3757 221 3820 captiuos
248 3756 343 3806 necari.
384 3756 461 3808 Quod
496 3761 631 3823 postquem
670 3753 785 3819 Jupiter.
795 3755 873 3818 Jouo,
882 3763 909 3806 et
919 3757 1196 3824 Minervu,iuquorum

101 3833 209 3881 crudele
237 3823 416 3881 uimis'visnm
438 3837 487 3894 est,
507 3832 632 3895 placuisse
670 3829 900 3881 tutoluurbseret.

102 3907 271 3957 Gladiatores
290 3913 351 3956 ente
369 3908 489 3970 sepulcre
499 3907 632 3970 dimicare,
690 3901 719 3946 Ἀ
731 3901 840 3954 Μαίη
853 3905 962 3970 Temno,
978 3906 1033 3972 be]
1058 3905 1195 3956 Turnebus

101 3981 148 4046 qui
156 3995 171 4031 s
180 3981 266 4030 bustis
284 3981 417 4031 Bustuerii
435 3980 499 4031 dicti
518 3979 631 4030 fuerunt.
671 3975 782 4030 Adrers.
791 3978 836 4029 lib.
845 3993 889 4031 111.
899 3995 958 4045 oep.
968 3986 992 4033 1.
1003 3996 1049 4045 per
1060 3981 1068 4008 ‘
1078 3981 1196 4030 trieoon-

100 4053 217 4105 Inferius
237 4055 317 4104 tribus
336 4053 393 4104 fieri
411 4069 444 4103 ex
461 4054 632 4104 Volaterrano
671 4054 768 4104 sortiu'
788 4060 859 4105 recte
870 4051 992 4120 intelligst
1008 4055 1197 4116 Jove-ranno·

99 4127 477 4192 doeetSylvingsecrifioendo
486 4129 553 4193 Diti,
561 4143 632 4193 spur·
671 4142 740 4192 nem,
765 4130 924 4182 Minervam:
948 4130 1072 4194 siquidem
1091 4130 1196 4196 Tarqui-
