3034 4878
541 398 592 446 ru
616 397 827 448 lusonrun.
1167 383 1232 448 867

139 545 180 604 ut
194 558 285 622 saepe
298 539 462 625 prodaris.
505 538 603 606 Certe
628 539 767 624 aliquod
790 539 1047 616 didascalicum,
1070 559 1132 606 seu
1154 561 1231 624 pro

139 642 313 726 trepticum
335 648 452 707 nostro
473 660 607 726 quoquc
628 643 754 707 nomini
781 641 922 708 carmen
944 640 1114 725 adjudica.
1159 641 1232 707 Fac
1263 627 1268 634 ’

139 742 322 824 periculum
337 742 458 807 silentii
471 743 547 821 mei,
562 743 654 826 quod
671 743 733 808 etsi
748 743 812 808 fibi
827 742 986 808 exhibere
1000 751 1096 825 opto,
1117 750 1232 808 tomen

139 845 302 926 spondere
315 864 382 908 non
396 845 517 910 eudco.
560 845 654 912 Novi
670 865 748 928 ego,
764 863 842 929 queo
854 845 900 912 eit
909 844 1044 929 prurigo
1057 845 1231 910 emittendi

139 948 266 1030 operis,
280 947 370 1030 quod
385 953 421 1012 tu
437 947 601 1031 probaris.
648 946 738 1014 Nem
753 947 897 1031 quodem
917 951 1017 1030 pecto
1037 946 1232 1014 societatem

137 1046 248 1110 laudis
264 1046 410 1125 affectat,
423 1047 482 1130 qui
497 1049 606 1114 aliena
620 1050 706 1114 bene
721 1049 813 1114 dicta
827 1048 955 1132 primus
980 1047 1136 1113 enuntiat.
1180 1048 1232 1114 Eo

136 1153 274 1231 propter
287 1149 322 1212 in
336 1150 514 1216 comoediis
535 1157 733 1218 summatem
756 1150 887 1236 quidem
901 1147 1038 1231 gloriam
1052 1150 1232 1234 scriptores

137 1248 299 1314 tulerunt:
323 1247 454 1316 Roscio
468 1258 592 1330 temen,
607 1259 711 1336 atquc
725 1251 896 1328 Ambivio,
917 1250 1103 1334 ceterisque
1117 1257 1232 1316 eucte-

136 1351 241 1429 ribus,
256 1351 345 1417 sumu
358 1371 422 1416 non
438 1351 554 1418 defuit.
597 1353 686 1438 Ergo
708 1354 771 1419 tuli
792 1353 926 1434 negotio
948 1351 1101 1436 expende
1117 1353 1231 1423 otium

136 1458 245 1530 tuum,
260 1459 295 1516 et
308 1453 405 1519 novis
420 1455 643 1522 voluminibus
653 1455 786 1541 jeiunie
799 1461 915 1520 nostro
930 1460 1090 1520 sustento„
1128 1452 1230 1532 Quod

138 1554 169 1617 si
188 1551 364 1636 jactantiae
387 1555 492 1638 iirgux
515 1559 678 1638 garrulum
698 1557 845 1623 indicem
864 1555 1086 1638 pertimescis,
1108 1560 1231 1638 presto

137 1654 239 1718 etiem
262 1655 428 1722 silentium
453 1657 548 1736 mibi,
569 1663 609 1722 ut
634 1662 706 1724 tuto
729 1655 887 1726 simulem
909 1674 983 1722 esse
1007 1662 1128 1734 nostra,
1151 1675 1227 1740 quae

138 1757 325 1842 scripseris.
347 1756 472 1824 Vruu.

182 2049 353 2118 PONTII
375 2049 589 2219 MEROPIIl1
607 2049 814 2220 IiAffiIlNI
835 2050 903 2118 AD
925 2051 1186 2122 AUSONIUM

590 2155 620 2219 P
642 2155 664 2219 S
762 2154 817 2218 AE.

480 2284 536 2350 Ex
558 2284 638 2350 edit.
662 2283 771 2350 Poris.
792 2283 887 2348 1685.

141 2401 292 2482 Paulino,
314 2423 379 2466 cnm
393 2414 496 2488 egeret
511 2403 545 2466 in
565 2401 736 2487 Hispania,
750 2412 810 2467 tres
828 2400 921 2466 simet
934 2401 1067 2468 Aesonii
1084 2399 1230 2488 Epr'rlole

180 2503 307 2570 reddite
321 2513 401 2568 sont.
435 2504 563 2586 Preme,
575 2503 673 2582 tertie
683 2525 748 2590 que
759 2501 929 2580 intercidit,
939 2512 967 2567 el
978 2513 1099 2590 quarte
1108 2526 1230 2591 respon·

182 2606 234 2671 det
260 2605 417 2672 Paulinus
437 2605 491 2671 hoe
519 2605 665 2670 Carmine
691 2629 772 2670 enno
796 2606 872 2672 393.
892 2605 1017 2692 scripto,
1047 2605 1130 2693 quod
1149 2607 1230 2672 inter

183 2709 315 2796 q'nrdem
328 2709 474 2794 po'e‘mete
491 2708 639 2772 decimum
658 2707 799 2772 laberer.

464 2897 489 2946 1.
512 2895 678 2945 AUSONIO
703 2893 909 2943 PAULINUS.

139 3001 305 3080 Qunure
320 2998 408 3068 redit
421 2998 512 3063 duris
526 2997 598 3062 baec
609 2995 680 3080 jum
695 2995 901 3060 messoribus
914 3000 1029 3074 uestes,
1062 2979 1065 2982 ¹

182 3102 227 3168 Et
239 3101 336 3168 toties
352 3120 438 3166 cano
452 3101 570 3165 bruma
583 3099 658 3180 gelu
671 3097 786 3180 riguit,

140 3203 195 3270 Ex
210 3223 277 3288 quo
289 3203 384 3268 nulla
397 3208 454 3268 tuo
466 3203 546 3266 mihi
562 3202 657 3266 litcru
672 3198 822 3265 veniteb
839 3216 907 3275 ore,

183 3303 288 3370 Nullo
300 3310 360 3370 tue
373 3303 445 3369 vidi
459 3303 588 3386 scriptu
598 3306 717 3366 notata
730 3318 849 3364 manu:

630 3448 656 3500 N
659 3447 738 3498 0'1'AE

172 3540 183 3584 1
204 3534 264 3586 Hoc
281 3533 381 3584 initium
400 3532 518 3583 versibus
539 3528 666 3591 Elegiacir
705 3542 755 3578 nee
773 3541 824 3577 uon
848 3525 979 3591 vigesimo
1001 3530 1112 3591 quarte,
1127 3525 1154 3574 iu
1182 3539 1232 3590 qur

140 3610 276 3674 seriptum,
292 3609 373 3658 veluti
394 3608 509 3672 quedem
532 3613 573 3656 ert
594 3605 666 3655 Proe·
705 3603 864 3666 heresium,
881 3601 985 3652 Paulini
1001 3615 1116 3662 uxorem,
1133 3600 1232 3648 ‘Taue-

139 3685 214 3748 fetio,
236 3699 311 3751 quem
331 3690 472 3750 sequuntur
490 3681 600 3731 lambici
621 3682 665 3730 tri·
706 3677 947 3743 quilem'rocebet.
979 3675 1047 3724 Hrec
1064 3680 1150 3724 auteur
1161 3674 1231 3723 Pru·
1262 3677 1265 3683 ’

139 3761 218 3810 metri
245 3766 274 3810 et
300 3758 414 3820 dimetri,
438 3757 531 3822 quibus
550 3754 665 3804 Ausonio
705 3757 751 3805 lini
771 3755 896 3819 Epistola,
913 3767 989 3817 quum
1008 3750 1107 3814 vulgati
1127 3749 1231 3798 codices

139 3837 265 3887 Paulinus
275 3836 400 3886 rationem
410 3833 506 3895 reddit,
523 3847 570 3881 cur
584 3831 665 3881 Muris
705 3829 833 3880 triferium
852 3836 929 3880 antea
944 3825 1107 3887 dividebant,
1119 3836 1173 3874 una
1190 3823 1234 3875 de·

139 3912 304 3974 valedixerit,
320 3910 436 3975 bonmuc
446 3907 582 3958 abdicarit.
597 3905 666 3956 Iem-
705 3906 751 3956 bet
769 3903 908 3966 numerari,
924 3901 1152 3965 complectiturque
1173 3899 1233 3948 Ele·

138 3989 211 4039 bicor
233 3992 376 4052 sequuntur
400 3983 556 4034 Heremetri
576 3981 667 4048 quibne
707 3983 816 4046 giacum,
842 3979 994 4040 lumbicum,
1029 3983 1056 4027 et
1090 3975 1231 4026 Heroieum

140 4079 233 4129 erpere
245 4063 352 4114 Ausonii
361 4061 430 4111 dieto
440 4056 567 4120 confutet,
583 4062 612 4106 et
627 4071 667 4106 re·
708 4057 830 4106 Carmen.
862 4053 938 4106 Quod
955 4054 1016 4104 setis
1033 4053 1060 4102 in
1079 4066 1125 4102 sue
1135 4050 1231 4104 Praefo·

140 4140 251 4202 spondet
270 4137 398 4202 vigerimae
425 4135 521 4201 quinte
535 4131 667 4218 &ejusdem
707 4131 777 4182 tione
788 4131 905 4182 declaret
916 4132 972 4194 ipse
982 4129 1115 4196 Paulinus.¹

140 4217 273 4280 Epistole,
288 4227 319 4265 ec
341 4213 427 4263 tertie
445 4226 502 4278 que
524 4210 666 4272 intercidit,
