3026 4898
566 429 747 478 EDYLLIA.
1138 419 1201 485 581

20 595 21 606 ¹
105 565 148 632 A.
172 566 203 631 8.
250 569 424 652 Congressi
443 567 587 652 jungunt
602 569 761 652 dextras:
781 572 802 612 θ
821 571 1004 655 stratisque
1019 591 1068 638 re·
1113 571 1201 640 M

369 690 390 733 n
453 718 461 736 ·
1173 694 1196 722 ¹.

106 770 150 835 A.
173 773 203 835 1.
249 770 296 837 At
310 675 477 857 &mma
491 792 596 836 novas
613 771 739 849 artes*
754 777 785 837 et
799 774 949 855 pronuba
961 773 1073 838 luno·
1116 777 1159 844 A.
1181 779 1203 840 4

108 873 209 938 Α.11.
253 873 429 938 solicitat:
453 871 640 956 suadetque
653 875 768 956 ignota
781 875 948 938 lacessere
964 877 1064 942 bella.
1090 943 1094 952 ,

107 972 149 1037 Α.
172 973 204 1037 1.
250 973 313 1038 Ille
337 974 398 1037 ubi
421 971 633 1058 complexu*
647 975 744 1038 molli
768 975 878 1041 fovet:
902 983 1002 1058 atque
1022 998 1071 1041 re·
1115 978 1158 1045 A.
1180 979 1203 1044 8

347 1081 425 1138 ente

222 1165 224 1170 ⁴
246 1095 392 1260 Acclpit
407 1176 542 1242 solitam
554 1175 731 1255 flammam,
754 1177 987 1261 *lectumque
1006 1178 1062 1262 ju·
1105 1179 1150 1245 A.
1176 1183 1197 1244 4

396 1297 448 1341 m:
995 1332 1007 1345 ..

107 1377 148 1442 A.
170 1377 203 1442 6.
247 1277 400 1460 Ονὶἕτὲΐ,
414 1395 504 1442 nova
528 1377 574 1441 mi
595 1375 712 1454 facies,
736 1374 756 1415 *
780 1379 972 1460 gratissima
987 1400 1065 1444 con·
1111 1380 1200 1450 Aru

108 1580 151 1646 A.
174 1581 207 1644 6.
250 1499 539 1657 νειίἱὲἶί,ἲαιιᾱοω,
554 1578 575 1622 *
588 1598 663 1642 mea
677 1579 763 1656 sola,
777 1585 809 1643 et
823 1600 898 1644 sera
908 1582 1082 1665 voluptas.
1114 1585 1158 1650 A.
1181 1586 1204 1651 8

108 1681 149 1747 A.
172 1681 205 1746 2.
251 1679 281 1743 0
297 1681 406 1745 dulcis
421 1680 559 1770 conjux,
573 1699 639 1743 non
654 1679 727 1744 haec
739 1681 810 1744 sine
824 1683 956 1746 numine
971 1683 1094 1750 Divum

109 1782 207 1848 Α.12.
251 1780 476 1846 Proveniant:
513 1778 534 1820 *
563 1781 736 1864 placitone
763 1783 862 1846 eiiam
889 1787 1057 1866 pugnabis
1114 1787 1203 1854 Α.4

108 1981 150 2046 Α.
175 1987 209 2047 4.
252 1884 533 2048 Ταὶῗὲἷὲέηῖεω
543 1984 738 2067 jamdudum
755 2003 873 2048 aversa
888 1991 1017 2052 tuetur:

109 2084 211 2150 Aac.
256 2085 505 2169 cunctaturque
518 2091 617 2162 metu,
632 2086 801 2168 telumque
816 2087 938 2150 instare
952 2089 1130 2156 tremiscit:

110 2183 158 2249 A.
181 2188 212 2252 l.
258 2188 426 2269 Spemque
439 2194 628 2269 metumque
653 2187 748 2263 inter,
774 2186 991 2272 *funditque
1013 2191 1073 2256 has
1116 2193 1159 2258 A.
1181 2197 1203 2259 5

188 2365 197 2374 ι
328 2307 383 2351 ore
396 2288 570 2370 loquelas:

111 2387 210 2454 Arc.
252 2388 321 2452 Per
335 2394 381 2465 te,
396 2409 466 2470 per,
482 2390 539 2471 qui
554 2394 585 2452 te
599 2389 700 2453 talem
715 2408 868 2472 genuere,
884 2395 1049 2472 parentes,

111 2491 152 2556 B.
174 2491 206 2555 2.
253 2489 439 2554 Oformose
454 2509 548 2574 puer,
559 2481 585 2533 ⁸*
599 2495 727 2555 noctem
742 2509 811 2554 non
823 2491 964 2573 amplius
975 2512 1075 2556 unam
1117 2493 1159 2559 A.
1182 2495 1203 2558 1

109 2591 151 2656 A.
173 2593 207 2657 9.
253 2592 354 2664 Hunc
369 2597 416 2669 tu,
441 2611 514 2669 oro,
535 2593 642 2657 solare
669 2592 816 2677 inopem,
830 2588 851 2630 *
866 2599 898 2656 ct
918 2594 1074 2658 miserere
1116 2595 1204 2661 Mt)

323 2693 505 2774 precantis.
1096 2717 1099 2721 ·

109 2793 210 2859 Α.12.
257 2793 479 2858 Succidimus.
512 2793 593 2857 Non
606 2792 719 2876 lingua
732 2793 833 2870 valet,
846 2812 912 2855 non
924 2810 1061 2875 corpore
1074 2798 1170 2858 notae

261 2895 437 2960 Sufficiunt
449 2894 557 2975 vires3
578 2914 640 2959 nec
653 2915 724 2960 vox
739 2900 796 2958 aut
809 2895 913 2958 verba
928 2901 1118 2975 sequuntur.

108 3093 225 3143 rerlluout
240 3108 265 3142 ee
284 3093 311 3142 ia
330 3099 415 3142 torum.
453 3092 530 3142 Venae
548 3096 635 3154 cutem,
650 3097 673 3142 et
689 3093 754 3141 Jurm
765 3091 893 3153 conjugalis
904 3096 996 3140 tentant
1007 3106 1077 3140 aecae
1087 3096 1165 3141 antee:
1181 3097 1206 3141 et

108 3158 214 3207 inaltant
232 3172 270 3205 ece
285 3159 316 3206 ud
331 3159 521 3207 committendum
536 3161 653 3205 certamen
668 3156 726 3219 ipsis
741 3156 817 3204 adhuc
832 3157 986 3216 incognitum.
1020 3156 1064 3205 ille
1078 3162 1208 3220 postquem,

109 3223 233 3283 amplexus
248 3236 365 3284 sponsam,
380 3225 459 3270 tenero
472 3220 600 3280 meuserit
617 3234 685 3277 eam,·
702 3225 725 3269 et
743 3219 821 3269 subito
837 3219 914 3268 mum
931 3224 1063 3268 consuetum
1079 3222 1166 3283 iguem,
1182 3227 1206 3270 et

110 3286 193 3346 tetigit
208 3285 325 3345 genialem
339 3291 436 3334 imm:
454 3286 477 3333 0
494 3287 581 3347 puello,
598 3283 684 3346 moult,
697 3285 773 3332 cultae
790 3283 850 3332 miti
866 3298 946 3344 romu,
956 3283 1207 3344 uuorjumndieeimo:

109 3351 207 3398 turrem
216 3350 312 3410 venisti,
324 3349 419 3398 unicum
429 3363 504 3397 meum
512 3349 636 3409 goudium,
647 3354 670 3396 et
682 3348 775 3396 tordius
784 3349 841 3397 meir
855 3349 924 3396 cutte.
959 3346 982 3393 0
992 3350 1069 3396 munte
1079 3363 1148 3410 uxor,
1156 3349 1206 3396 trec

109 3428 155 3464 eoa
176 3413 384 3473 contingentiae
404 3414 523 3461 uoluntate
545 3412 658 3462 Deorum.
690 3411 826 3460 meatem
844 3411 916 3460 etium
934 3411 1009 3458 umori
1024 3411 1069 3459 tili
1084 3409 1206 3474 placenti?

110 3477 173 3527 Hoec
189 3477 304 3525 dicentem
319 3475 361 3526 illu
375 3474 428 3534 jum
443 3477 531 3524 dudum
546 3476 633 3538 repicit
648 3489 732 3524 meree
744 3473 826 3534 fecie:
842 3479 866 3523 et
882 3474 978 3523 remae
992 3489 1044 3537 proe
1059 3475 1159 3524 timore:
1178 3490 1207 3524 uc

110 3541 216 3604 trepidet
223 3540 281 3601 quio
291 3539 361 3589 telum
370 3539 476 3588 imminet
484 3555 495 3597 ,·
505 3554 589 3601 auceps
596 3539 659 3586 inter
668 3553 733 3601 rpem
740 3543 765 3586 et
774 3545 877 3587 metum:
885 3543 909 3586 et
916 3537 1042 3587 tecente
1053 3553 1092 3590 ore
1101 3537 1208 3601 mosot:

113 3606 136 3652 0
144 3603 244 3667 pulcher
255 3602 360 3664 juvente,
375 3607 471 3664 rogote
485 3617 530 3665 per
546 3608 570 3650 te
584 3602 670 3664 iprum,
687 3607 712 3651 et
729 3616 772 3663 per
788 3607 897 3664 parentes
907 3603 948 3664 qui
958 3607 982 3650 te
995 3607 1145 3665 procrearunt
1157 3607 1207 3650 tom

108 3668 248 3730 formosum,
255 3668 373 3716 coarctare
385 3682 419 3716 me
429 3667 548 3728 miserum,
557 3679 600 3728 per
611 3666 670 3714 tuor
681 3670 773 3714 tuntum
784 3670 873 3714 noctem
884 3668 965 3728 ectum,
975 3671 999 3714 et
1009 3665 1173 3714 misereremei
1184 3676 1209 3714 te

109 3732 237 3795 precantis.
268 3731 384 3779 collator.
408 3730 504 3791 Lingua
526 3745 577 3778 meu
596 3744 643 3777 noa
662 3733 739 3792 potest
757 3729 857 3792 amptius
875 3730 948 3791 loqui,
966 3728 1036 3776 robur
1051 3729 1144 3778 solitum
1161 3743 1208 3778 uon

113 3797 217 3860 reppetit
226 3795 285 3844 mete
295 3794 420 3852 memmio,-
430 3808 502 3857 neque
511 3808 558 3842 ccx
568 3799 608 3842 out
619 3793 690 3842 cerlo
697 3798 784 3856 praem
793 3793 853 3842 milet
859 3797 922 3842 eunt.
953 3793 998 3842 llle
1009 3807 1078 3841 uero:
1096 3793 1207 3856 Furore,

596 3949 706 3999 NOTAE

144 4079 284 4130 *Pronuba
299 4077 377 4140 June]
392 4075 546 4141 Παράνυμφος
566 4077 640 4128 Gree-
682 4077 760 4141 galee,
789 4083 869 4142 tuque
897 4076 1013 4128 Genialir
1041 4077 1089 4125 tori
1110 4044 1207 4127 Lucino

112 4155 158 4206 cle.
183 4153 297 4220 ‘Zygia'
314 4155 384 4205 luno
403 4153 471 4217 apud
491 4151 638 4216 Apuleium.
681 4153 787 4204 curtos.'

113 4229 211 4290 Medon
230 4230 298 4295 apud
316 4231 459 4280 Senecam:
477 4228 539 4276 ‘Dii
550 4227 639 4291 conju·
