3026 4898
447 400 603 452 uusouu
633 371 887 454 ncnocautuu.

119 543 304 628 Principia,
321 552 354 609 et
367 553 498 610 nostros
512 565 582 610 nou
596 545 803 613 admittentia
823 547 931 626 visus,

115 645 300 712 Parvomm
315 649 399 713 serie
410 655 564 714 constant
578 667 730 714 connexa
745 655 948 715 atomorum:

114 745 182 812 Sed
198 749 343 812 solidum
357 750 393 814 in
408 752 534 834 parvis,
554 751 703 833 nullique
716 751 863 816 secabile
878 770 1021 836 segmen.
1082 787 1087 799 ·

115 849 217 916 Unde
232 851 326 936 uigor
339 852 493 935 viresque
507 857 652 928 manent,
675 856 863 936 aeternaque
877 871 987 917 rerum

114 951 310 1017 Mobilitas:
332 953 488 1036 nulloque
501 972 647 1037 unquam
662 953 863 1037 superabilis
878 973 964 1018 aevo.

113 1053 251 1118 Divinis
265 1053 408 1118 humano
423 1054 502 1118 licet
517 1072 735 1138 componere:
750 1055 801 1118 sic
815 1060 869 1119 est

112 1155 166 1218 As
182 1154 324 1232 solidus,
345 1156 504 1238 quoniam
517 1155 572 1218 bis
587 1173 650 1218 sex
666 1153 709 1217 de
723 1157 874 1238 partibus
887 1155 994 1239 aequis

112 1246 273 1321 Constat:
296 1256 376 1322 etin
390 1257 534 1320 minimis
549 1255 686 1338 paribus
699 1263 814 1320 tamen
830 1276 894 1321 una
909 1262 1021 1322 manet
1035 1257 1098 1322 vis.

112 1357 204 1422 Nam
221 1359 251 1422 si
266 1358 349 1441 qnid
363 1377 499 1422 numero
513 1358 691 1434 minuatur,
715 1377 845 1423 summa
860 1359 1018 1438 vacillat3

113 1460 359 1544 Convulsaeque
373 1467 471 1524 ruunt
485 1457 652 1523 labefacto
666 1477 805 1540 corpora
820 1465 945 1542 partes.
1052 1472 1055 1478 ’

113 1561 164 1626 Ut
179 1562 324 1626 medium
338 1562 368 1625 si
382 1562 460 1644 quis
478 1560 579 1626 vellat
595 1561 636 1624 de
648 1559 776 1625 ¹somine
791 1579 923 1638 suum,
1167 1561 1209 1628 15

111 1790 170 1836 porc
185 1775 271 1826 lmbmt
287 1777 418 1842 primordio
428 1776 594 1835 minutissima,
603 1781 626 1826 et
632 1775 754 1839 fugientio
766 1780 857 1825 andros
867 1775 969 1836 obtutus,
982 1789 1033 1838 pun
1044 1775 1146 1838 conflato
1155 1780 1215 1822 sunt

113 1854 145 1888 en
154 1843 261 1902 congerie
277 1841 381 1892 tenuium
398 1847 535 1890 atomorum.
567 1841 617 1890 Sed
635 1841 743 1890 soliditas
758 1841 819 1890 inest
838 1839 945 1888 tenuibus
963 1840 1021 1902 illie,
1038 1845 1062 1887 et
1078 1853 1151 1901 poeno
1167 1839 1209 1886 illd

113 1911 234 1966 segmenta
252 1908 359 1956 materia
375 1906 450 1954 securi
466 1906 553 1956 iterum
568 1921 583 1954 n
599 1905 691 1954 nonius
705 1911 808 1966 possunt.
840 1904 919 1967 Atque
935 1905 990 1953 binc
1001 1904 1037 1968 fit
1054 1908 1082 1952 ut
1100 1903 1170 1950 robur
1186 1907 1210 1949 et

107 1967 216 2030 firmitas
233 1975 326 2020 monent
344 1972 370 2019 iu
385 1969 463 2030 rebus,
481 1975 504 2018 et
521 1973 632 2032 perpetuo
649 1968 756 2030 agilitas,
772 1983 825 2031 «μω
841 1968 905 2016 cinci
921 1969 984 2016 nulio
1004 1968 1115 2029 temporie
1131 1967 1208 2028 mutio

111 2033 195 2092 possit.
227 2033 277 2083 Fas
287 2039 322 2084 est
331 2035 435 2095 mru‘erre
445 2035 546 2083 lamam
556 2033 653 2082 divinis.
684 2033 764 2082 Sicos
778 2037 813 2080 est
828 2032 924 2092 solidum
940 2033 994 2094 puio
1004 2030 1118 2092 conflatus
1133 2036 1212 2079 estex

108 2097 235 2150 ,duodecim
244 2099 351 2161 potibus
361 2097 504 2160 comtibus.-
520 2103 544 2146 et
553 2102 631 2146 tomen
641 2099 720 2146 eadem
735 2096 813 2144 virtus
828 2097 889 2144 tuest
899 2095 925 2144 iu
933 2097 1014 2157 parnis
1024 2093 1073 2142 illia
1083 2091 1210 2156 omatibus

112 2160 228 2221 portibus·
259 2163 361 2212 Sienim
372 2165 479 2212 dematur
494 2162 582 2224 aliquid
599 2163 629 2208 de
644 2174 749 2220 umero,
767 2165 842 2208 totum
860 2159 966 2220 minuit,
982 2164 1011 2214 et
1023 2159 1211 2220 portendt-mua

114 2227 202 2274 cudunt
212 2231 261 2275 tcto
272 2225 422 2288 labefactata.
436 2229 443 2240 '
463 2227 662 2282 Quemadmodum
676 2223 699 2273 ni
717 2224 802 2288 aliquis
820 2224 918 2273 revellat
933 2225 962 2272 de
980 2223 1096 2292 testudine
1112 2223 1211 2283 lapidem

575 2369 588 2388 Ι
592 2367 755 2389 'neuneu

146 2473 163 2517 8
178 2466 270 2518 ‘Unde
280 2468 344 2518 sirm
361 2469 474 2534 virgoque
491 2467 598 2530 mouent]
622 2466 683 2516 Hoc
703 2465 741 2515 sic
760 2464 865 2530 qnidam
889 2463 1061 2515 emendabat:
1080 2464 1149 2514 Unde
1164 2465 1213 2514 ciri

115 2533 244 2595 virgoque:
256 2534 302 2582 sed
312 2535 396 2583 malim
407 2551 414 2582 t
431 2535 498 2582 Unde
508 2534 577 2594 nigor
586 2533 700 2597 circaque,
708 2530 757 2580 boc
769 2545 861 2579 sensu:
874 2544 906 2578 ex
917 2544 957 2592 eo,
968 2529 1037 2593 quod
1049 2529 1103 2576 baec
1114 2530 1214 2578 minuta

114 2598 270 2660 corpuscula
289 2604 350 2649 sunt
365 2599 449 2648 solida
467 2605 495 2648 et
511 2597 655 2661 individua,
674 2595 747 2660 vigor
765 2596 816 2644 utu
836 2593 906 2644 iubet
921 2604 950 2644 et
963 2592 1022 2644 vis!
1042 2593 1213 2644 Vienna-28

611 2755 718 2808 ΝΟΜ

147 2875 164 2920 d
193 2870 327 2921 Parcarum
348 2874 408 2923 serie
431 2905 484 2924 ...
504 2870 647 2934 domnum]
687 2869 725 2920 nti
736 2883 856 2932 maguum
868 2867 998 2931 perinane
1012 2863 1214 2915 coactaSemina

118 2945 187 2996 Haec
199 2957 232 2994 ex
245 2946 351 3009 Epicuri
367 2953 426 3012 post
444 2949 603 3012 Leucippum
619 2950 648 2994 et
688 2952 864 3009 terrarumque
877 2943 1020 3012 animaeque
1030 2939 1162 3003 marisque
1175 2938 1213 2987 fu·

116 3022 297 3072 Democritum
319 3022 447 3087 doctrina,
474 3037 549 3088 quam
576 3020 647 3070 libris
687 3019 786 3072 issent?

115 3111 163 3148 sex
174 3097 274 3157 Latinis
291 3100 408 3150 versibus
423 3100 542 3165 exposuit
553 3100 647 3149 Lucre·
720 3101 736 3146 8
754 3097 897 3158 AEternopuc
914 3106 994 3158 nerum
1012 3089 1144 3152 Mobilitas,
1161 3089 1217 3152 ipa]

117 3175 181 3226 tius.
215 3174 323 3226 Atomos
344 3177 401 3226 illas
423 3175 574 3226 insecabilia
591 3187 647 3222 cor·
688 3165 1216 3236 AEternasquiippeatomosiugenerabiles

116 3266 182 3314 pora
204 3258 278 3302 recte
296 3260 399 3303 vertas:
417 3259 457 3302 est
478 3251 546 3301 euim
563 3248 649 3310 &opos
689 3249 758 3313 ipsus
783 3255 811 3296 et
835 3244 1044 3308 incorruptibiles
1073 3257 1120 3305 per
1141 3242 1217 3291 inane

118 3327 163 3392 qui
184 3327 268 3378 secani
287 3329 388 3394 nequit,
410 3343 426 3377 a
446 3325 522 3388 τέμνω
549 3325 649 3388 scindo,
689 3323 809 3385 volitare,
829 3320 1009 3370 existimarunt
1030 3318 1172 3382 Epicurei3
1189 3323 1218 3365 at

117 3419 187 3454 seco.
690 3413 722 3448 ex
733 3399 765 3447 iis
776 3395 895 3462 generari
905 3395 1001 3455 omnia,
1013 3400 1091 3458 prout
1101 3394 1152 3443 illa
1163 3407 1216 3442 mo-

148 3479 333 3530 unctionum
350 3479 441 3544 porcis]
463 3479 532 3532 Οιιία
553 3479 649 3528 nullum
690 3481 718 3524 tu
737 3489 782 3523 suo
801 3474 827 3523 in
848 3472 931 3522 varias
950 3470 1090 3521 moleculas
1112 3484 1219 3532 cougre-

116 3555 215 3606 habeut
226 3556 251 3604 iu
264 3569 292 3605 se
304 3557 458 3621 corpuscula
469 3556 515 3605 illa
525 3567 647 3606 vacuum:
691 3555 830 3614 parentum
848 3547 978 3610 corrumpi
995 3560 1066 3608 vero,
1085 3551 1164 3607 prout
1175 3559 1218 3596 eo·

118 3629 187 3678 unde
203 3629 234 3679 fit
252 3636 282 3679 ut
297 3630 378 3679 dividi
391 3643 439 3679 nou
452 3629 562 3694 possint,
573 3641 651 3692 quan·
691 3625 750 3676 dem
770 3629 842 3672 motu
862 3627 922 3671 a'se
941 3620 1050 3670 invicem
1066 3619 1218 3668 divelleren·
1265 3635 1266 3638 ¹

117 3723 195 3772 quam
216 3709 294 3758 varie
313 3708 442 3772 designati
459 3707 533 3757 iniis
551 3704 651 3770 possint
692 3710 743 3753 tur.

117 3790 218 3848 partes.
723 3781 751 3826 ll
766 3777 813 3826 Bis
831 3790 874 3826 sex
892 3776 921 3824 de
936 3772 1057 3839 partibus]
1072 3771 1216 3822 Duodecim

150 3859 166 3888 ²
181 3858 348 3922 Sedaolidum,
366 3861 408 3922 ipe.
425 3857 529 3920 nullique
545 3856 651 3920 secabile,
691 3854 782 3917 unciis,
800 3852 935 3917 exquibus
946 3867 973 3900 ss
990 3866 1036 3900 seu
1047 3849 1114 3900 libra
1124 3845 1217 3897 confla·

117 3932 650 3999 isc.]'l'ulliosimiliterFiu.1.d.‘Atonti
691 3938 742 3980 tur.
774 3928 893 3979 Alterum
919 3929 987 3978 euim
1010 3927 1154 3994 promiscue
1171 3938 1219 3986 pro

117 4020 178 4063 siunt
189 4027 299 4077 corpora
317 4011 447 4061 individua
467 4016 575 4073 propter
591 4008 651 4060 soli·
692 4007 775 4056 altero
783 4005 824 4054 hie
836 4012 951 4067 usurpat.

119 4087 249 4138 dilatem?
281 4088 323 4136 De
336 4087 437 4149 atomis,
455 4086 481 4134 iu
501 4083 595 4152 quibus
613 4098 653 4132 re·
727 4085 756 4134 12
770 4082 822 4129 Uno
834 4079 968 4142 mountain]
983 4073 1162 4126 consumendi
1181 4079 1219 4126 tna

118 4179 175 4213 rum
202 4164 328 4227 principia
356 4164 488 4214 statuebat
512 4161 650 4226 Epicurus,
691 4156 743 4205 tius
756 4156 826 4212 assis,
839 4155 881 4217 qui
894 4154 1107 4212 demoliens,
1122 4149 1220 4206 uidebit

12 4259 13 4290 l
118 4239 212 4305 virgil.
224 4240 314 4303 Eclog.
327 4252 367 4290 vl.
387 4240 526 4304 ‘Namque
542 4235 652 4290 canebat
693 4233 734 4286 sel
747 4231 850 4282 niiuima
861 4229 942 4278 iuncta.
