3016 4894
290 339 356 406 624
754 349 909 398 uusonrr

291 497 404 580 Atque
419 495 478 574 dii,
501 514 599 558 cursu
615 493 743 577 peragit
758 492 816 556 Sol
831 509 953 556 aureus
966 492 1083 568 altero,

224 659 228 670 ,
291 597 455 662 Autumni
470 596 664 678 aestatisque
679 594 777 658 simul
792 593 936 658 confinia
951 596 1101 659 miscens.

292 698 389 764 Unde
404 697 614 762 autumnales
629 705 856 760 transcurrens
873 695 987 759 ordine
1003 714 1148 771 menses,

291 799 346 864 Ad
361 799 524 883 tropicum
539 799 647 882 pergit
661 799 795 882 siguum.
806 797 907 880 gelidi
920 796 1124 881 Capricorni,
1341 795 1386 858 10

292 901 377 966 Octo
391 899 464 966 dies
478 899 590 966 decies
605 900 734 964 octonis
749 899 885 982 insuper
900 898 1040 975 addens,

291 1001 581 1085 Quadrantemque
595 1001 660 1066 dii:
684 1001 802 1084 quinto
818 1001 876 1084 qui
890 1001 1044 1085 protinus
1059 1018 1145 1064 anno

291 1105 412 1172 Mense
427 1102 461 1168 N
462 1123 550 1170 umae
565 1111 714 1168 extremo
729 1123 844 1168 nomon
861 1103 954 1188 capit
968 1101 1180 1168 embolimaei.

293 1301 388 1360 cneus,
396 1301 456 1363 puori
467 1305 556 1363 tenipus
564 1305 600 1348 esi
610 1299 747 1364 aquationis
756 1301 832 1350 nortis
847 1316 874 1350 ue
885 1301 942 1363 diei,
951 1300 1093 1361 consumens
1103 1304 1152 1348 ium
1160 1299 1224 1348 iuter
1234 1313 1259 1348 se
1272 1301 1386 1348 terminus

290 1365 406 1415 Autumni
416 1369 439 1412 ei
448 1365 559 1413 AEsiuiis.
592 1365 686 1414 Deinde
695 1379 825 1426 peregrum
835 1380 866 1414 ex
876 1367 956 1415 udins
965 1380 1052 1414 nenses
1060 1364 1184 1425 Autumni,
1194 1363 1269 1412 tendit
1277 1365 1308 1411 sd
1318 1365 1386 1413 sidus

291 1429 413 1492 timum
426 1427 669 1490 Cuprisossisrigidi,
678 1429 759 1478 diebu
767 1429 844 1478 desim
854 1435 906 1480 osio
918 1429 1100 1494 superadjiciens
1114 1433 1166 1478 osio
1177 1428 1227 1478 dies
1236 1433 1259 1476 et
1274 1433 1385 1490 qurum

290 1489 339 1542 diei
348 1497 448 1557 purtem
457 1506 509 1556 qus
518 1498 603 1554 muris
616 1507 673 1556 pure
691 1493 775 1542 deinde
789 1493 870 1557 quinio
886 1509 973 1558 quoqu
988 1507 1048 1544 unse
1059 1493 1120 1542 dieu
1137 1491 1218 1558 efficit,
1228 1492 1269 1555 qui
1278 1492 1385 1542 insertus

287 1557 414 1620 poneius
428 1557 502 1606 nessi
517 1557 605 1608 Nune
619 1558 749 1622 repeilatur
761 1558 917 1610 intercalaris.
950 1557 1096 1612 narniensi
1111 1572 1195 1608 essem
1207 1571 1338 1620 propusru
1352 1559 1386 1606 ud

780 1716 887 1767 NO‘l'AE

288 1842 351 1880 nere
368 1830 507 1893 rideatur,'
524 1833 573 1880 dee.
596 1826 813 1879 AreturiuPlrae·
854 1843 977 1879 summum
997 1827 1134 1880 slulisus
1160 1827 1322 1878 correctione
1348 1829 1382 1878 sd

288 1906 423 1957 uomsnist
441 1904 557 1970 ussum
572 1903 597 1954 si
611 1904 633 1954 δ’
650 1902 815 1965 hirluini,
854 1905 1042 1969 Gregoriensss
1081 1911 1251 1954 nominent
1282 1905 1383 1954 minuta

287 1981 327 2032 nsi
337 1982 447 2046 σκορπίος
457 1981 534 2045 uiris,
542 1984 590 2031 &a
624 1980 813 2044 ‘Virgmstqse
852 1980 902 2030 ills
915 1995 973 2046 quse
992 1981 1084 2030 deesse
1111 1979 1248 2044 quadranti
1275 1979 1384 2043 singuiis

287 2071 369 2123 prope
384 2071 443 2108 ears
456 2058 553 2118 Clreloe,
564 2061 593 2107 et
603 2056 726 2120 Scorpius
738 2055 813 2119 ipse!
853 2055 1058 2107 enuisdiximus·
1085 2057 1169 2107 Quem
1181 2057 1384 2120 expunctionem

287 2132 447 2184 Cbslsssunt
465 2133 567 2198 Seorpii
585 2131 812 2182 bseehiebiiuros.
854 2151 914 2188 eum
926 2139 1108 2189 protensus.
1127 2135 1266 2186 mairem
1289 2137 1384 2186 nolui..

287 2209 336 2259 cni
357 2209 548 2258 constellationi
570 2209 614 2258 eiii
641 2207 760 2270 ligurem,
784 2216 814 2258 ut
853 2219 923 2273 sent,
938 2219 995 2263 ests
1011 2220 1054 2263 est
1069 2213 1112 2263 ills
1130 2209 1299 2274 computandi
1316 2219 1382 2260 teut-

287 2297 366 2349 suprs
384 2284 493 2348 dietum,
505 2284 620 2334 tribuere
643 2283 715 2334 libris
732 2283 812 2334 bilan-
853 2289 924 2352 puris
935 2289 1048 2340 serietas
1056 2289 1125 2338 inter
1135 2301 1180 2336 eos
1189 2293 1218 2336 et
1228 2299 1285 2348 not,
1304 2299 1382 2350 quem

286 2361 333 2411 uis.
853 2369 967 2414 ueterem
993 2370 1021 2414 et
1050 2377 1146 2415 uorum
1168 2362 1264 2426 stylum
1292 2362 1383 2426 appel-

317 2439 334 2485 i
352 2435 411 2500 Dii]
428 2435 613 2487 emunctione
623 2451 673 2500 pro
682 2437 738 2486 diei.
852 2439 917 2490 leui.

317 2515 351 2560 12
368 2511 576 2574 Quantumque
601 2511 648 2574 dii]
677 2513 739 2562 Nou
760 2527 814 2562 orn·
889 2513 1288 2578 &westmonasteriensi
1300 2514 1386 2565 (luss-

285 2587 356 2637 uine.
388 2589 492 2637 Desunt
508 2588 607 2652 quippe
623 2601 669 2636 sen
686 2587 814 2637 lrosismi·
853 2594 880 2640 to
903 2591 1000 2654 potius,
1020 2590 1237 2654 inquitViuetns,
1254 2591 1300 2639 sed
1317 2589 1384 2638 t'sili·

284 2669 351 2713 sttts
360 2663 468 2729 sllqnot.
485 2666 552 2716 Qum
564 2664 636 2712 suuis
648 2672 742 2728 quater
752 2678 812 2714 eeu·
854 2673 905 2716 tur.
935 2667 1026 2722 stto
1037 2666 1143 2730 scripsit
1152 2664 1295 2728 Ausonius,
1306 2674 1333 2715 et
1344 2667 1384 2716 sie

285 2745 341 2790 tum
363 2746 415 2789 tres
437 2739 554 2802 proxime
581 2739 636 2789 dies
661 2739 810 2790 conficiunt.
851 2735 1035 2806 intelligendus
1055 2747 1104 2805 est,
1127 2749 1156 2792 ut
1177 2743 1383 2806 eomprehesdss

283 2814 361 2864 Unde
377 2813 509 2865 iuduetuur
527 2815 553 2864 ln
565 2815 748 2866 informatione
759 2818 812 2866 Ku-
851 2818 878 2867 in
891 2819 934 2868 illo
946 2833 1054 2868 numero
1073 2825 1101 2868 et
1115 2818 1276 2869 bissextilem
1287 2833 1384 2870 esuum

283 2891 392 2940 leoderii
417 2891 466 2940 sub
487 2892 616 2955 Gregorio
634 2903 698 2942 ¹111.
720 2892 812 2942 Ponti·
852 2895 970 2957 prouirne
998 2897 1124 2959 elapsum,
1154 2900 1183 2945 et
1221 2895 1383 2948 bissestilem

283 2965 334 3015 ties
355 2967 480 3024 Msximo,
503 2974 531 3017 ut
554 2981 611 3017 eum
629 2967 709 3031 juxta
726 2969 811 3031 legem
852 2971 968 3034 proxime
989 2979 1150 3035 sequentem.
1185 2972 1220 3020 Et
1235 2970 1384 3022 siodieitur

283 3041 346 3093 Julii
362 3042 473 3093 Cereris
495 3042 529 3092 de
556 3044 733 3094 iuterusieudo
761 3059 813 3096 uuo
852 3047 1023 3110 quintusnue
1035 3059 1170 3097 resurrere
1188 3047 1337 3111 bissextilis,
1351 3055 1383 3099 nt

283 3117 426 3180 diequarte
434 3132 620 3183 quoqueeunu,
630 3128 659 3168 nt
671 3133 729 3169 mox
740 3121 812 3169 vide·
852 3123 941 3186 quinto
958 3137 1062 3187 quoque
1081 3137 1148 3172 suno
1159 3122 1214 3172 fieri
1224 3123 1277 3172 ludi
1290 3125 1383 3188 Olym·

283 3191 378 3255 bimun
388 3194 521 3244 munieris
533 3195 641 3259 quisque
657 3209 748 3258 sumu,
762 3197 811 3246 ltus
852 3199 904 3262 piei
914 3198 1079 3262 dicebantur,
1091 3214 1150 3250 curn
1163 3209 1250 3249 temen
1263 3201 1383 3250 abluitis

283 3275 333 3329 est,
343 3275 479 3329 centenus,
488 3269 626 3318 bissextilis
638 3283 693 3318 osse
700 3269 811 3333 debeet;
852 3273 1027 3335 proximorum
1046 3274 1162 3323 ludorum
1179 3273 1211 3322 sd
1223 3275 1323 3323 ieritium
1340 3289 1382 3324 se·
1427 3303 1430 3308 ·

283 3342 360 3390 trium
382 3342 482 3393 iliorum
500 3343 666 3409 dierum(qui
689 3345 811 3408 qosdriu·
852 3351 985 3414 quantinus
996 3351 1383 3414 qustuortssturssreentsoli-

284 3427 419 3482 geniorum
448 3435 572 3470 sonorum
595 3421 678 3484 spatio
699 3420 811 3472 deficere
850 3427 877 3476 di
899 3429 970 3491 suni,
985 3435 1013 3478 et
1035 3428 1175 3493 Olympias
1195 3443 1245 3478 uns
1270 3438 1384 3494 quatuor

283 3494 492 3559 contrariantes)
509 3495 699 3559 puniendorum
722 3511 809 3561 esuss,
850 3509 951 3552 tantum
964 3506 1283 3568 eunoscontpleoteretur.

181 3567 184 3577 '
282 3584 315 3620 ex
327 3576 436 3634 quatuor
447 3571 614 3621 sacularibus
625 3573 809 3636 annisquurtus
883 3583 913 3627 la
931 3580 1015 3628 Mense
1027 3579 1114 3630 Nunu
1124 3580 1240 3642 emerus]
1258 3581 1322 3629 Cum
1336 3595 1382 3628 su-

283 3651 382 3694 tsutum
395 3645 430 3694 sit
440 3645 591 3709 bissextilis,
599 3647 698 3696 dierum
710 3649 809 3700 seilicet
850 3667 910 3703 num
922 3661 1023 3704 tautum
1035 3655 1125 3705 decem
1142 3657 1267 3705 meusium
1285 3657 1384 3704 Romu-

282 3722 340 3769 suu.
369 3719 450 3770 tribus
478 3723 606 3786 prioribus
629 3727 686 3772 866·
707 3731 807 3774 tentent
849 3730 898 3793 ius,
913 3731 952 3779 vir
965 3731 1004 3780 roi
1022 3731 1121 3780 belliue
1133 3746 1210 3795 quam
1228 3734 1382 3782 estronomi-

281 3795 379 3846 dierum
418 3798 619 3852 rennuentibus.
663 3798 749 3864 Atque
777 3808 806 3852 ut
847 3819 884 3855 ets
912 3807 1061 3872 stridiosiur,
1100 3809 1289 3871 constituisset,
1315 3825 1381 3874 qoo-

281 3874 405 3921 ruensium
428 3872 495 3923 ratio
516 3872 549 3922 sd
567 3873 676 3923 eandem
697 3874 762 3924 Solis
779 3875 805 3924 iu
846 3897 902 3932 rum
938 3884 1035 3946 primus
1071 3884 1195 3946 Mustius,
1230 3893 1380 3948 postremus

281 3947 397 3998 Zodeieu
430 3949 583 4013 positionem
611 3949 718 4010 rediret,
746 3965 804 4015 quae
846 3965 903 4006 erut
923 3957 1090 4020 December3
1117 3959 1204 4009 Nuus
1226 3961 1382 4024 Pompilius,

281 4023 467 4074 emendationis
479 4024 590 4075 Julianus
603 4032 720 4090 tempore
739 4033 805 4089 eret,
846 4046 939 4082 aunum
955 4034 988 4082 ad
1006 4033 1072 4083 Solis
1094 4047 1199 4086 eurtum
1221 4045 1249 4086 et
1265 4036 1380 4087 siderum

281 4102 405 4162 expuncti
416 4107 476 4151 runt
486 4115 519 4150 err
531 4100 697 4164 Gregorianre
706 4116 807 4153 cormo-
845 4109 971 4158 rstiouem
989 4111 1105 4173 exigens,
1121 4111 1187 4161 duos
1198 4112 1297 4176 sdJeelt
1309 4127 1381 4162 meu·

281 4176 437 4229 tionisauno
453 4180 547 4230 decem
564 4179 629 4237 dies,
649 4180 681 4230 ed
699 4195 806 4246 quorum
846 4197 898 4247 see,
925 4183 1089 4248 anueriuur,
1108 4187 1152 4251 qui
1187 4190 1285 4252 primus
1317 4191 1379 4240 suni
