3016 4894
568 410 764 460 EPlSTOLAE.

118 551 183 614 Bis
198 556 329 633 septem
344 549 458 614 rutilos
473 548 581 631 regele
594 549 759 615 nomisma
774 550 965 636 Philippos,

163 649 238 715 Nec
253 649 336 714 tanti
350 649 483 727 fuerint,
498 649 633 732 perdere
650 653 750 728 melo,
771 651 907 732 Theon3

117 750 323 834 Implicitnm
338 770 437 834 quam
453 756 486 814 te
500 753 623 815 nostris
638 752 763 816 interne
775 751 933 818 medullis

163 850 290 914 Dolore
305 855 374 914 tem
389 851 477 932 longi
492 851 651 932 temporis
664 852 699 916 in
715 854 836 934 spatio.

118 948 208 1030 Ergo
221 956 278 1013 aut
291 947 468 1032 praedicios
485 949 558 1032 jam
579 969 667 1014 nnnc
682 953 826 1016 rescribe
842 953 982 1017 Darios:

162 1050 206 1114 Et
220 1050 355 1127 redime,
369 1057 410 1113 ut
422 1069 514 1114 mora
529 1051 574 1114 sit
586 1049 690 1114 libere
705 1051 863 1116 desidiae:

117 1149 290 1215 Antelios
307 1170 329 1215 a
342 1169 394 1214 me
409 1151 546 1215 totidem
561 1149 667 1215 dubo:
689 1151 866 1217 dummodo
882 1155 952 1220 cari

163 1251 342 1334 conspicer
356 1270 415 1315 cru
428 1251 503 1328 viri,
526 1251 684 1334 pauperis
697 1271 805 1334 usqne
820 1251 908 1317 licet.

118 1353 241 1434 Puppe
257 1352 343 1416 citus
357 1370 512 1435 propere,
534 1353 736 1436 sinuosaque
749 1339 854 1418 lintea
866 1355 932 1418 veli

161 1453 289 1517 Pande.
321 1451 500 1517 Medullini
516 1457 547 1518 te
561 1452 646 1517 feret
660 1461 748 1518 eurs'
759 1455 826 1518 noti

116 1635 176 1685 utili
185 1641 301 1699 emissi,
311 1647 353 1698 ego
360 1637 422 1686 susle
432 1634 541 1685 emittere
556 1636 730 1698 queiscrdecim
739 1634 875 1698 Philippeos
883 1639 973 1697 usum,
981 1636 1073 1697 regium
1082 1641 1207 1698 musseium,
1283 1624 1291 1640 ⁸

115 1715 130 1747 o
142 1700 235 1758 illectu
251 1715 320 1763 quaes
330 1705 355 1749 te
364 1715 379 1748 u
390 1714 425 1749 me
434 1699 512 1748 abesse
521 1713 563 1762 per
572 1700 674 1762 rpclissr
682 1703 732 1747 tum
742 1700 808 1760 longi
818 1701 938 1761 torperis,
947 1705 981 1759 te,
991 1700 1094 1762 isquam,
1101 1701 1142 1762 «μ’
1158 1703 1207 1750 ulte

115 1762 207 1828 issfisis
217 1778 243 1814 es
252 1779 302 1813 meo
310 1765 407 1826 pectori·
439 1764 521 1825 Igitur
531 1764 625 1824 celiam
634 1777 695 1811 susc
706 1777 827 1812 resumere
836 1777 908 1824 supra
918 1768 1055 1812 memoratos
1064 1763 1174 1824 Doricos,
1183 1769 1208 1813 et

115 1827 210 1876 ecsoise
219 1833 253 1888 te,
263 1832 291 1876 ct
297 1829 372 1890 possis
382 1828 452 1876 iibere
462 1827 531 1888 piger
542 1840 602 1876 esse:
620 1827 656 1875 cel
663 1827 752 1874 desub
762 1826 808 1876 tili
817 1827 915 1875 totidem
930 1827 1010 1875 doru
1021 1841 1057 1875 ure
1071 1829 1208 1876 nmmum:

114 1891 183 1938 mods
193 1891 284 1940 meeum
292 1893 379 1940 culmus
389 1891 490 1939 leminis
500 1890 559 1938 milei
569 1891 657 1950 dirui,
668 1889 772 1952 quumvis
781 1903 869 1952 oesrpcr
879 1891 956 1951 egeri.
990 1889 1087 1939 Festisu
1101 1891 1207 1952 celeriter

114 1955 148 2003 cd
158 1969 194 2004 sse
204 1969 271 2019 nuce,
278 1959 301 2004 et
311 1955 403 2018 explica
410 1954 581 2004 siusuccrbcsi.
606 1955 690 2004 Fletus
698 1955 763 2002 cesti
773 1968 787 2002 u
798 1953 901 2003 Medulis
909 1954 1023 2018 spirantis
1031 1954 1126 2004 decedet
1136 1960 1160 2003 te
1167 1969 1208 2004 ec·

572 2080 753 2103 mmo

114 2163 195 2225 vulg.
208 2161 309 2212 ‘Scribit
319 2162 445 2212 Vinctus:
465 2164 533 2212 Medi
548 2177 593 2227 que
614 2178 694 2228 pirgus
704 2167 794 2211 scida.
805 2160 864 2210 Vid.
875 2159 986 2211 ἱππί-20
1002 2161 1034 2210 In
1045 2161 1128 2211 veteri
1140 2161 1206 2211 libro

117 2227 188 2276 Net.
210 2233 293 2287 reete,
310 2233 433 2276 censente
450 2227 624 2276 theu—2⁸
640 2229 723 2288 ‘Ergo
734 2232 775 2275 cui
783 2225 920 2288 proedbtos]
937 2226 1052 2274 Nummos
1066 2226 1206 2288 legendum

115 2290 297 2340 indubitanter
308 2290 442 2340 existimes
458 2291 527 2354 quod
539 2296 567 2340 et
577 2289 703 2340 affirmare
713 2304 762 2339 non
775 2289 891 2353 verebor,
903 2290 934 2349 si,
944 2289 987 2352 qui
998 2303 1061 2339 meas
1071 2289 1207 2338 sententies

116 2355 204 2403 album
225 2354 351 2404 calculum
373 2354 463 2415 addet,
485 2353 589 2404 doctum
611 2356 720 2419 aliquem
741 2352 879 2402 invenero?
903 2353 1029 2402 turnebu.
1061 2351 1208 2402 ‘Adrianus

115 2418 252 2467 Turnebus
262 2419 396 2482 antiquum
415 2419 507 2466 librum
527 2433 577 2467 non
593 2418 710 2467 viderat:
727 2417 772 2466 sed
788 2431 847 2466 eum
858 2415 962 2478 fefellit,
974 2417 1018 2481 qui
1031 2417 1146 2466 Clerince
1161 2431 1208 2478 pro

116 2481 211 2531 Durior
220 2481 263 2532 bie
274 2497 302 2532 se
312 2483 405 2546 legisse
416 2481 539 2546 scripsit.’
554 2483 723 2533 Visum-25
742 2482 783 2532 Sic
794 2480 909 2530 restituit
919 2480 1112 2531 Pithoeus—29
1121 2479 1208 2530 Ssbtcr

607 2600 714 2652 NOTAE

116 2699 223 2751 novius:
240 2699 307 2750 radic
325 2693 451 2764 perspecte,
464 2693 494 2748 'id
505 2704 555 2758 est,
566 2699 642 2764 stylo,
684 2703 748 2747 tum.
781 2697 855 2746 Idem
874 2679 992 2746 similiter
1010 2696 1143 2758 usurpavit
1154 2693 1208 2744 Au·

116 2775 158 2824 vel
170 2774 275 2838 graphio
285 2788 371 2824 ceram
379 2773 504 2835 fodiente,
513 2773 582 2837 quod
592 2787 643 2823 nou
682 2774 767 2824 senius
782 2775 809 2822 in
822 2769 940 2824 Carmine
958 2771 1114 2834 Burdigala:
1131 2771 1210 2822 ‘Dis-

119 2848 252 2912 displicet.
284 2848 358 2912 Elige
369 2849 462 2898 lector.
683 2850 777 2900 tinetas
787 2849 887 2898 interne
898 2846 951 2897 rias
962 2845 1073 2909 mirere,'
1083 2849 1131 2896 &c
1156 2845 1209 2894 Ubi

151 2928 182 2974 19
199 2925 290 2986 Regale
305 2924 417 2974 merismu
438 2921 571 2987 Philippos]
588 2919 643 2974 Ho-
682 2923 844 2975 videNotss.

117 3003 167 3048 ret.
176 2997 222 3047 lib.
234 3011 267 3049 ιι.
279 2997 360 3062 Epist.
371 3002 394 3046 l.
405 3012 462 3062 que
480 3004 522 3046 est
538 2997 571 3046 ad
587 2996 641 3046 Au·
713 3001 746 3046 23
775 2995 896 3058 Rescfibe]
930 2995 1032 3059 Redde,
1063 2999 1207 3045 resumere.

117 3080 239 3138 gustum:
264 3073 390 3123 ‘Incultis
400 3073 455 3137 vqui
476 3072 593 3123 versibus
614 3079 642 3122 et
681 3067 786 3122 Terent.
795 3066 899 3121 Phorm.
909 3070 971 3121 Act.
981 3085 1008 3119 r.
1015 3071 1058 3119 Sc.
1068 3071 1110 3121 7.ι
1121 3069 1209 3119 Demi·

116 3146 185 3196 male
201 3147 268 3196 nutis
289 3146 393 3196 Retulit
413 3153 534 3210 acceptes
555 3141 642 3210 reg'ale
682 3149 742 3212 pho.
783 3147 836 3198 Sed
858 3147 939 3197 transi
961 3139 1035 3197 sodes
1058 3146 1091 3197 ud
1112 3145 1208 3210 forum,

116 3220 243 3270 numisma
252 3221 404 3284 Philippos.i
434 3220 565 3286 Philippei
583 3227 644 3270 sunt
684 3230 762 3288 etque
773 3222 835 3272 illud
848 3223 909 3272 mibi
920 3222 1064 3285 Argentum
1072 3221 1137 3286 jube
1153 3235 1209 3272 rur·

115 3297 223 3359 nummi,
247 3296 273 3345 in
300 3296 393 3360 quibus
418 3297 502 3360 imago
527 3294 643 3362 Philippi
683 3315 739 3350 sum
772 3298 888 3363 rescribi,
926 3297 1055 3348 Phormio.
1103 3298 1208 3348 Phorm.

111 3365 292 3420 ‘Macedonum
305 3371 372 3436 regis
384 3386 507 3434 expressa
519 3373 568 3421 est.
591 3371 643 3421 Sed
684 3374 793 3426 Quodne
815 3388 864 3437 ego
888 3374 1029 3437 perscripsi
1055 3388 1131 3436 porro
1158 3374 1210 3424 illis

117 3447 272 3508 etproaliis
289 3447 396 3496 nummis
414 3452 545 3510 ponuntur
564 3460 642 3509 saepe.
684 3449 776 3514 quibus
797 3449 876 3498 debui
884 3448 903 3496 i’
936 3448 968 3498 ln
989 3449 1208 3500 numerationibus

115 3520 162 3570 Sic
172 3521 325 3578 Valerianus
336 3521 405 3585 apud
420 3522 574 3571 Trebellium
585 3523 644 3576 Pel·
684 3524 810 3588 ejusmodi
822 3525 997 3588 pecuniarum,
1006 3525 1136 3575 vocubulis
1147 3525 1210 3575 scri·

116 3595 211 3646 lienem
228 3595 254 3644 iu
263 3597 378 3666 ‚Claudio
394 3598 510 3660 appellat
528 3589 643 3646 nummos
684 3600 771 3661 bendi,
783 3605 810 3650 et
820 3599 979 3658 rescribendi
991 3599 1050 3649 ideo
1061 3599 1210 3663 utebantur,

116 3685 177 3721 ⁸³⁰⁵
204 3671 369 3735 Philippeoiss
397 3671 584 3735 ‘Phililil'fflis'
606 3672 644 3720 i¹¹·
685 3672 803 3743 quodem
820 3677 1010 3726 numerationes
1029 3674 1209 3738 spudArgen·

116 3746 183 3811 quit,
200 3746 298 3796 ‘nostrl
309 3748 394 3796 vultus
406 3752 615 3797 annuoseentum
627 3745 643 3796 ε’
684 3753 763 3802 turios
773 3750 829 3801 lieri
841 3753 965 3814 solerent,
981 3756 1009 3801 et
1025 3751 1052 3800 iu
1069 3765 1156 3802 eorum
1173 3757 1211 3801 ts·

115 3822 234 3888 quimus
254 3821 341 3872 ‘aurei
352 3820 497 3873 Valeriani'
515 3824 645 3887 appellen·
686 3827 752 3878 bulis
763 3841 809 3876 seu
821 3825 983 3875 Kolendariis
995 3825 1081 3876 scribi.

114 3905 172 3948 tur.
196 3899 232 3948 Et
240 3913 303 3962 quos
313 3897 355 3949 bic
365 3901 373 3928 ‘
382 3897 530 3962 Philippos’
542 3899 647 3960 Noster,
718 3902 817 3966 Durior]
831 3899 941 3965 Δαρείους
953 3914 999 3962 pro
1009 3898 1141 3964 Aepeoreic,
1157 3898 1210 3947 Da·

114 3987 180 4024 mox
191 3973 316 4039 ‘Derics,'
331 3973 380 4024 lroc
402 3978 451 4037 est,
467 3973 579 4024 Derisus
599 3987 643 4037 sp·
683 3977 751 4026 ricus
765 3983 885 4038 stateres,
903 3975 1126 4026 DariiPerssrum
1140 3971 1209 4035 regis
1306 4007 1309 4014 -

116 4050 212 4114 pellat.
626 4095 629 4100 .
683 4057 821 4100 monetam.
848 4047 1210 4114 Sicsuprs‘Plrilippos'pro

152 4130 183 4175 21
201 4126 296 4176 lsierue
305 4121 422 4189 medullis]
437 4124 593 4174 Aduerbium
605 4138 644 4173 se·
684 4126 844 4188 Philippeos·
1104 4183 1106 4191 γ

116 4201 212 4252 eunde
224 4207 316 4251 contra
326 4208 442 4252 naturum
457 4215 527 4250 suam
542 4213 645 4262 correp·
715 4205 748 4249 28
764 4199 836 4261 Note]
853 4200 939 4250 Notus
951 4197 992 4246 lric
1002 4211 1052 4246 uon
1063 4197 1155 4247 stricte
1162 4210 1210 4262 pro

183 4280 448 4345 dispertiendus.
597 4281 686 4330 Auses.
1088 4275 1145 4325 tU
