3034 4878
273 362 338 430 828
740 384 897 436 uusouu

276 530 439 596 militibus
456 523 581 595 “eibum
608 531 739 614 'capere
772 531 890 615 jussis,
927 532 1001 616 ipse
1032 533 1188 598 abstinet.
1243 533 1371 600 Inlesto

276 631 395 698 deinde
410 637 510 714 atque
524 633 652 697 intento
665 635 830 711 exercitu,
853 635 961 717 pergit
976 636 1008 698 in
1027 636 1189 718 praeliurrr.

275 819 352 864 resset
362 814 476 864 militibus
488 821 514 864 ut
525 816 738 878 mammutium,
754 819 804 882 ipre
821 833 867 868 mu
882 819 965 870 sumit.
999 821 1058 871 Part
1073 822 1094 871 it
1104 823 1137 870 art
1150 836 1255 884 pugnam
1265 821 1374 899 exereitu

278 879 354 930 mirae
364 879 478 942 spirante,
490 885 513 930 et
524 879 634 930 intento*
625 896 651 932 m
662 881 760 932 tatem.

524 1135 727 1184 anuroorru
745 1133 816 1184 xx,
841 1134 1006 1186 inmane.
1051 1123 1116 1186 440

412 1269 546 1356 Jamque
560 1267 635 1331 adeo
649 1266 732 1331 celsis
747 1268 863 1330 armati
877 1289 893 1330 e
907 1267 1036 1332 navibus
1051 1268 1150 1344 ibant,

410 1369 532 1468 Miltia,
557 1379 630 1456 quot
649 1370 769 1456 maguis
788 1392 925 1454 uuquam
946 1392 1053 1434 uenere
1070 1369 1221 1457 Mycenis.
1240 1430 1244 1436 .

322 1522 356 1586 3.
378 1520 426 1586 At
440 1522 575 1604 integris
591 1523 763 1586 amborum
786 1523 897 1607 copiis
921 1523 1001 1588 inter
1023 1528 1180 1606 utrosque
1204 1522 1376 1588 exercitus

280 1642 394 1706 pugna
408 1623 604 1687 oouserltur.
639 1623 726 1686 Dein
742 1625 907 1706 permissu
922 1624 945 1688 J
947 1625 1033 1699 orie,
1048 1626 1083 1687 in
1098 1630 1210 1708 partes
1226 1624 1378 1690 Deorum

281 1723 393 1790 studia
405 1723 607 1789 dividuntur.
632 1726 666 1790 4.
678 1723 763 1788 Cum
779 1745 840 1810 pro
851 1725 984 1806 Graecis
995 1724 1018 1789 J
1020 1732 1135 1790 unoet
1151 1725 1307 1790 Minerva
1317 1727 1376 1792 de-

282 1832 452 1904 certarent,
461 1845 567 1909 neque
582 1826 694 1889 secius
708 1833 786 1889 eos¹
805 1825 987 1908 Neptunus
1003 1833 1038 1890 et
1050 1826 1237 1892 Mercurius
1249 1827 1379 1892 etVul-

281 1946 387 1992 cauus
403 1931 605 1992 assererent:
627 1927 793 2010 Trojanos
808 1926 935 2014 Apollo
957 1948 1033 1992 cum
1049 1926 1191 2005 Venere,
1208 1934 1243 1994 et
1265 1929 1379 1996 Diana

283 2047 360 2093 cum
376 2035 519 2108 matre3⁸
541 2027 766 2105 Memoriam,
785 2034 819 2093 et
838 2048 914 2093 curn
929 2029 978 2093 eis
994 2028 1224 2107 Scamander,b
1239 2029 1378 2114 adjuva-

282 2134 369 2194 rent:
392 2137 462 2196 tam
486 2130 638 2208 AEneam‚
670 2129 746 2194 Diis
773 2139 807 2195 et
833 2131 961 2196 viribus
989 2131 1115 2214 iniquis
1145 2150 1222 2195 cum
1247 2130 1380 2198 Achille

282 2253 507 2315 congressum,
522 2252 712 2316 quanquam
726 2234 863 2298 studens
878 2233 1022 2313 GraeoiS,
1036 2236 1123 2300 nube
1138 2234 1379 2300 circumdatum

252 2357 256 2364 ·
283 2335 464 2420 Neptunus
480 2335 613 2422 eripuit.

310 2516 373 2566 Ae·
358 2531 414 2578 μη
431 2515 641 2580 progrediebantur
655 2518 743 2567 mmai
760 2532 773 2567 e
790 2515 887 2567 meiius
903 2517 969 2580 altis,
985 2521 1040 2581 punt
1057 2531 1159 2580 anquam
1169 2515 1291 2567 lominum
1302 2516 1378 2566 miliia

279 2586 390 2630 venenat
400 2597 431 2632 ee
440 2584 518 2644 ampla
530 2581 683 2658 Mycenarum
696 2583 761 2630 urle.

317 2643 403 2695 Verum
420 2646 530 2708 pralium
547 2647 703 2698 committitur
718 2646 782 2695 inter
798 2645 875 2694 amice
891 2645 1010 2694 euerritur
1025 2644 1378 2709 mpiiuutrimauereemtilau.

280 2709 375 2758 nerra
386 2709 460 2769 sacar
481 2711 599 2774 Superum
613 2711 755 2760 temnitur'
746 2726 773 2758 m
787 2714 876 2772 parter,
895 2709 956 2759 Jove
971 2710 1071 2760 memte
1115 2710 1175 2756 Cum
1185 2709 1250 2757 Jurm
1261 2715 1284 2760 et
1298 2709 1380 2758 Pollae

279 2780 413 2835 pugnum
422 2791 466 2839 pro
478 2775 582 2834 oraru,
592 2789 634 2828 nec
643 2775 721 2825 minue
735 2776 867 2837 Neptunus,
878 2780 902 2823 et
915 2774 1056 2834 Mercurius,
1066 2777 1090 2822 et
1102 2773 1218 2823 Vama
1227 2773 1379 2832 defenderent

280 2852 332 2887 ene:
347 2839 558 2902 Apollouemcum
572 2839 670 2899 Venere,
680 2845 705 2889 et
716 2839 859 2888 Dionaeam
868 2841 1014 2894 matresua:
1033 2838 1102 2886 Mare
1115 2852 1211 2900 qunque,
1224 2843 1247 2885 et
1265 2837 1380 2886 Scaman-

281 2903 387 2952 terrm
402 2904 445 2964 eiu,
457 2904 622 2966 cpemserrmt
635 2903 758 2963 limante:
775 2909 825 2951 tum
845 2903 970 2966 Neptunus
989 2903 1044 2951 iicet
1058 2901 1147 2962 facere
1165 2902 1268 2978 Grecis,
1280 2903 1380 2951 AErr'eaur

282 2965 386 3017 mactum
395 2938 455 3017 aut'e
465 2968 563 3019 sustulit
571 2972 719 3033 pugnantem
730 2981 782 3016 cum
792 2966 894 3030 Achille,
904 2982 946 3016 uec
956 2965 1017 3016 Diis
1025 2981 1068 3016 nec
1079 2965 1172 3015 ciritae
1181 2966 1262 3029 aqum.

320 3246 332 3290 l
352 3241 473 3292 Barthius
482 3241 619 3307 legentum
631 3245 683 3295 alt:
701 3259 752 3295 cum
760 3261 805 3294 noa
813 3244 888 3294 secius
899 3245 996 3293 Grecos
1008 3243 1140 3307 Neptunus.

781 3386 888 3440 NOTAE

316 3502 439 3565 aarum,
461 3507 526 3567 quat,
547 3500 599 3564 tra]
623 3501 695 3565 Virg.
714 3501 761 3552 lib.
780 3515 811 3550 ιι.
884 3507 896 3532 ⁸
915 3499 1055 3549 Dionaeam
1066 3495 1153 3561 matre]
1170 3496 1276 3548 Latona.

285 3579 532 3632 AEneid.vere.381.
550 3577 655 3627 ‘Miltia
666 3585 732 3642 arunt
743 3593 813 3642 mug-
884 3574 895 3608 ¹³
912 3575 1068 3638 Scamander]
1085 3577 1158 3627 Deus
1173 3573 1243 3624 fluvii
1259 3575 1382 3624 Scamm-

285 3657 324 3706 nis
336 3669 445 3720 uuquam
456 3668 551 3704 venere
563 3652 701 3717 Mycenis!
853 3650 902 3699 dri.

545 3863 735 3956 rnarocrm
753 3902 840 3952 xxr.
864 3901 1026 3950 rutenos.
1061 3884 1125 3952 441

374 4037 531 4104 intulerat
540 4038 645 4122 fluvio
666 4037 802 4122 trepidus
813 4035 902 4122 fuga
912 4033 1006 4120 sada
1026 4029 1176 4102 catervas.

323 4221 407 4286 Turpis
412 4221 475 4285 suge
484 4223 625 4285 compulerat
635 4222 666 4270 erl
671 4221 762 4284 flumen
772 4221 875 4270 cohorter
892 4225 1027 4270 trementer.

1503 338 1510 492 l
