3034 4878
292 399 358 468 866
607 413 852 464 nivensouuu
878 413 1066 464 surranum

294 561 392 625 tabor
411 558 511 642 igitur
524 556 719 622 Sallustiani
740 555 918 620 testimonii
932 555 1197 638 castigationem.
1242 553 1386 622 Habes·

291 662 400 728 virum
422 661 557 744 dignum
579 666 624 737 te,
648 666 684 722 et
706 677 765 742 per
787 661 820 722 te
844 656 971 723 familia
986 658 1181 739 Consulari3
1203 677 1303 740 quem
1317 659 1385 724 for·

293 770 375 830 tuna
387 762 503 828 honori
517 761 619 844 patris
632 759 790 843 majorem
803 759 975 824 beneficiis
988 760 1060 823 suis
1076 759 1207 846 reperit,
1228 759 1385 826 emcnda-

292 865 340 930 tio
353 865 456 930 animi
471 869 506 930 et
520 863 680 928 sanctitas
693 861 877 926 honoribus
893 861 1122 946 aequiparavit
1143 859 1264 929 Vana.
1305 873 1308 878 “

783 1004 894 1056 NOTAE

325 1104 337 1138 ὓ
353 1102 506 1168 liodrada]
521 1101 609 1168 Scipio
619 1103 768 1154 AEmilianur
784 1103 817 1152 de
858 1101 927 1166 apud
936 1101 1041 1152 Sallust.
1055 1099 1113 1150 ‘En
1130 1100 1210 1152 habes
1226 1101 1309 1152 virum
1326 1101 1385 1169 dig.
1507 1121 1508 1130 ἢ

292 1181 421 1246 ,iugurtha
449 1181 477 1230 in
505 1181 587 1230 literis
612 1179 645 1229 ad
671 1180 818 1244 Micipsam,
857 1193 918 1228 uum
929 1183 965 1242 te,
981 1184 1058 1243 atque
1070 1191 1118 1228 uro
1127 1191 1174 1227 suo
1185 1177 1338 1230 Monum’

578 1432 645 1480 Vll·
667 1430 901 1480 SYMMACHUS
924 1431 1103 1481 ausonio·
1176 1439 1181 1448 “

292 1554 296 1566 ’
336 1550 484 1618 Maean
497 1548 655 1632 gaudium
668 1548 865 1613 eruditionis
878 1556 946 1615 tuae
958 1550 1088 1634 scripta
1098 1550 1295 1628 tribuerunt,
1306 1571 1386 1635 quaa
1507 1531 1508 1612 ³

293 1651 421 1740 Capuae
435 1651 566 1716 locatus
581 1650 709 1733 accepi.
753 1648 835 1713 Erat
849 1651 976 1734 quippe
991 1654 1025 1716 in
1039 1651 1092 1718 his
1108 1653 1213 1719 oblita
1224 1653 1386 1720 Tulliano

292 1755 393 1822 melle
418 1753 599 1830 festivitas,
631 1760 665 1818 et
695 1753 860 1820 sermonis
887 1755 954 1817 mei
980 1773 1049 1818 non
1077 1758 1146 1819 tam
1173 1773 1262 1832 vera,
1283 1775 1386 1839 quarn

291 1860 417 1924 blanda
430 1857 589 1924 laudatio.
633 1855 726 1935 Quid
740 1857 838 1940 igitur
853 1859 958 1940 magis
972 1858 1080 1934 mirer,
1095 1859 1266 1923 sententiae
1279 1859 1387 1922 incer·

291 1966 346 2025 tua
361 1961 534 2042 addubito,
556 1967 752 2024 ornamenta
766 1959 844 2036 oris,
860 1951 903 2022 an
916 1955 1063 2042 pectoris
1077 1959 1138 2024 tui.
1181 1957 1320 2042 Quippe
1335 1958 1387 2024 ita

290 2063 449 2128 facundia
463 2063 607 2126 antistas
622 2061 752 2139 ceteris,
773 2066 811 2125 ut
825 2060 870 2124 sit
889 2061 1031 2125 formido
1045 2061 1238 2126 rescribere:
1259 2061 1311 2125 ita
1324 2062 1385 2125 be-

291 2167 388 2250 nigne
401 2172 512 2232 nostra
527 2163 739 2249 comprobas,
759 2169 798 2226 ut
812 2161 917 2227 libeat
931 2181 1000 2228 non
1015 2168 1136 2227 tacere.
1179 2163 1217 2227 Si
1226 2161 1329 2246 plura
1341 2163 1386 2227 de

291 2273 325 2333 te
340 2268 531 2352 praedicem,
555 2267 693 2332 videbor
713 2269 863 2328 mutuum
883 2266 1035 2342 scabere,
1061 2271 1097 2329 et
1115 2264 1224 2346 magis
1239 2265 1386 2329 imitator

292 2370 343 2434 tui
356 2370 508 2453 alloquii,
531 2388 630 2453 quam
649 2368 820 2451 probator.
864 2365 971 2430 Simul
986 2366 1075 2449 quod
1087 2367 1163 2449 ipse
1179 2365 1259 2430 nibil
1273 2373 1385 2430 osten-

292 2471 387 2535 tandi
400 2469 617 2554 gratiafacis,
646 2469 825 2533 verendum
850 2474 913 2545 est,
939 2467 1128 2548 genuinaiu
1142 2474 1175 2532 te
1191 2469 1289 2545 bona,
1311 2473 1385 2532 tan-

291 2591 392 2656 quam
407 2570 574 2647 affectata,
594 2569 745 2634 laudare.
789 2567 902 2631 Unum
916 2568 981 2632 hoc
997 2573 1109 2632 tamen
1128 2586 1150 2632 a
1167 2568 1266 2634 nobis
1285 2568 1386 2634 indu-

289 2673 395 2739 bitata
419 2671 559 2736 veritate
582 2688 760 2752 cognosce,
782 2668 951 2734 nemiuem
969 2687 1045 2734 esse
1062 2669 1262 2747 mortalium,
1284 2689 1386 2754 quem

290 2795 360 2859 prae
376 2780 407 2839 te
422 2772 576 2855 diligam:
599 2771 648 2848 sic
662 2771 819 2850 vadatum
841 2791 894 2834 me
908 2769 1094 2836 honorabili
1109 2791 1222 2836 amore
1237 2773 1386 2842 tenuisti.

292 2875 360 2941 Sed
373 2875 408 2940 iu
421 2893 463 2939 eo
479 2873 558 2940 mihi
576 2874 784 2938 verecundus
799 2872 878 2956 plus
899 2873 1003 2937 nimio
1019 2871 1152 2951 videris,
1173 2874 1263 2957 quod
1277 2874 1387 2938 libelli
1507 2937 1508 2972 ,

184 2983 186 2990 “
291 2975 343 3041 tui
358 2977 470 3056 arguis
483 2975 697 3058 proditorem.
743 2973 979 3040 Namfacilius
1001 2981 1053 3039 cst
1075 2974 1229 3039 ardentes
1246 2974 1386 3040 favillas

291 3097 349 3142 ore
366 3079 608 3161 comprimere:
622 3097 723 3162 quam
745 3076 904 3141 luculenti
929 3077 1041 3159 operis
1055 3095 1186 3140 servare
1208 3082 1387 3143 secretum.

291 3177 377 3242 Cum
401 3179 503 3242 semel
519 3197 540 3242 a
555 3184 588 3242 te
604 3179 744 3244 Carmen
759 3178 948 3261 profectum
963 3183 1024 3255 cst,
1041 3177 1100 3261 jus
1117 3197 1213 3242 omne
1227 3179 1385 3260 posuisti.

292 3277 410 3342 Oratio
424 3279 609 3360 publicata,
624 3298 678 3344 res
693 3278 798 3342 libera
812 3285 877 3342 est.
922 3277 975 3341 An
992 3279 1113 3344 vereris
1128 3280 1239 3343 aemuli
1254 3299 1386 3343 venena

291 3379 440 3456 lectoris,
454 3399 494 3442 ne
507 3380 639 3444 libellus
654 3388 732 3445 tuus
747 3381 901 3444 admorsu
917 3380 991 3443 duri
1006 3381 1113 3444 dentis
1127 3380 1261 3443 uraturl
1305 3372 1385 3444 Tibi
1507 3373 1508 3390 ³

291 3479 348 3540 uni
376 3476 456 3541 nihil
481 3479 524 3542 ad
547 3480 611 3544 hoc
633 3481 778 3545 locorum
805 3480 912 3562 gratia
933 3483 1099 3565 praestitit,
1121 3487 1181 3545 aut
1200 3480 1320 3545 demsit
1333 3481 1386 3543 in·
1408 3505 1410 3512 ¹
1507 3505 1508 3508 ¹

291 3579 391 3643 vidia.
444 3578 608 3662 Ingratisb
636 3600 749 3646 scaevo
778 3583 899 3665 cuique
927 3583 1098 3666 proboque
1124 3582 1305 3648 laudabilis
1332 3602 1383 3646 ea.

291 3680 434 3745 Proinde
449 3701 565 3746 cassas
580 3681 697 3746 dehinc
713 3681 851 3748 seclude
865 3683 1067 3762 formidines,
1087 3692 1121 3750 et
1135 3685 1269 3767 indulge
1282 3684 1384 3768 stylo,
1507 3717 1508 3728 κ

783 3847 889 3900 NOTAE

323 3941 575 4003 arlrrieatersaeillcr
590 3959 630 3994 ort
653 3943 815 4008 conprimere]
855 3945 978 4009 improbis
999 3961 1031 3996 ac
1052 3945 1153 4010 probis.
1182 3943 1297 4009 Antiqua
1313 3945 1385 3997 enim

290 4016 717 4082 Petranimrlrbiterinsatyrico:
730 4021 814 4069 ‘Nam
855 4021 988 4070 Glaesaria
1003 4022 1102 4071 monuit
1112 4022 1230 4086 Jnretos,
1248 4021 1385 4074 ‘Scaevos'

289 4091 487 4142 citiusflamnras
497 4095 617 4144 mortales
627 4095 816 4157 oreteuebunt,
853 4093 1020 4159 interpretari
1031 4097 1157 4160 sinistros,
1176 4097 1265 4162 mulos,
1282 4103 1310 4147 et
1326 4113 1386 4149 cru·

290 4167 607 4233 Qnrmrecretategant.’
853 4170 932 4221 deles.

294 4255 295 4258 ’
322 4239 466 4306 elavata,
486 4243 537 4307 isc]
564 4245 645 4310 AEque
672 4243 814 4296 landandus
