3026 4898
626 329 808 380 unucnrs.
1199 323 1264 390 ost

167 466 268 536 Unde
281 467 482 532 Prometheo
499 469 542 534 do
558 489 695 556 corpore
711 475 913 558 sanguineus
1110 499 1175 560 ros,
1219 483 1262 554 10

166 566 326 652 Aspergit
341 576 470 650 cautes,
492 578 527 636 ct
541 570 614 636 dira
629 575 760 640 aconita
774 583 866 642 creat
1104 600 1177 650 cos.

166 669 295 753 Ibycus
311 677 350 735 ut
362 671 470 754 periit,
494 672 618 736 vindex
631 673 695 738 fuit
709 675 891 746 altivolans
1088 700 1179 766 grus.

165 771 322 838 AEacidae
338 772 382 836 ad
397 773 561 837 tumulum
577 781 725 841 mactata
739 781 791 841 est
804 776 1049 846 Andromacho
1076 825 1079 830 -
1093 781 1178 865 glos.

146 927 149 932 .
165 872 308 938 Carccre
323 873 357 936 in
373 873 500 956 Argivo
514 875 772 959 Philopoemena
785 879 876 944 lenta
889 880 972 946 adiit
1052 901 1173 947 mors.

164 973 283 1038 Tertia
297 975 408 1058 opima
422 975 515 1041 dedit
529 979 697 1061 spoliatus
711 977 923 1046 Aremoricus
1081 982 1175 1050 Inus.
1219 988 1263 1054 16

163 1195 211 1244 prm
222 1182 301 1245 a'qror
311 1189 420 1236 mamito
432 1186 547 1236 stillante
563 1203 657 1252 corpore
673 1189 818 1256 Prrnrstlrsi,
835 1193 922 1256 irrigat
935 1209 1016 1258 rupem
1031 1199 1055 1244 st
1069 1209 1139 1259 rupes
1153 1195 1262 1258 producis

162 1250 229 1322 tetra
239 1251 341 1298 aconita.
372 1251 502 1314 Postquam
512 1252 599 1317 Ibycus
609 1253 748 1313 interfectas
758 1261 803 1320 est,
812 1272 873 1319 grae
883 1261 931 1308 aits
938 1261 1019 1309 micas
1028 1261 1104 1309 aleria
1114 1259 1167 1320 fait
1177 1259 1262 1310 surim

161 1324 222 1370 qas-
255 1312 315 1360 Glos
323 1312 493 1364 Andromacha
504 1317 623 1366 immolata
633 1323 669 1367 cst
678 1321 709 1367 sd
717 1323 846 1383 sepulerum
855 1323 964 1374 Achillis.
997 1325 1066 1372 Mars
1075 1325 1139 1373 lesia
1148 1337 1261 1386 ugffrtssa

160 1377 200 1424 cs}
210 1375 406 1440 Pisilopoemrasm
424 1381 450 1429 ia
465 1395 557 1430 earcere
570 1382 661 1430 Gracc.
694 1383 756 1432 Lars
776 1386 883 1437 Gallicae
897 1388 1011 1451 spoliatas
1026 1389 1185 1452 suppeditavit
1203 1388 1262 1437 Jsss'

560 1527 565 1538 ι
624 1522 789 1543 ”omento

161 1613 248 1663 locum
257 1615 345 1666 hunc!
357 1617 542 1674 Horisius-eli
559 1619 730 1670 scribendum
746 1623 840 1687 llyrsr,
850 1637 901 1674 non
913 1625 1002 1686 Idicra,
1012 1629 1100 1675 monet
1110 1623 1259 1676 Accursius.

160 1679 246 1730 Vetus
258 1681 316 1730 cod.
328 1695 375 1744 pro
385 1683 471 1732 sinder
481 1683 571 1733 lrabuit
581 1684 729 1734 indam-16
747 1687 828 1737 Tertia
836 1687 908 1751 picra
918 1690 1060 1753 vulp-1⁴1
1078 1689 1131 1739 Pro
1142 1690 1199 1752 lroc,
1215 1689 1258 1738 lra-

655 1823 760 1876 NOTAE

196 1935 225 1981 ll
246 1933 279 1982 Et
289 1933 344 1982 dira
353 1934 445 1984 maiia
455 1940 519 1984 creat
529 1935 578 1998 cos]
595 1936 691 1999 Asper·
731 1937 808 2001 logia,
818 1938 844 1987 in
856 1953 914 2004 quo,
922 1938 1045 2002 clangore
1062 1951 1154 2002 gruum
1170 1950 1259 2001 super·

161 2024 192 2059 sa
213 2009 312 2060 scilicet
331 2011 376 2061 illo
395 2013 530 2076 sanguine.
564 2013 642 2064 Ovid.
659 2028 691 2062 ex
732 2015 870 2065 volantium
888 2015 1014 2080 judicium
1038 2016 1144 2076 factum,
1167 2019 1195 2063 et
1221 2014 1260 2062 la·

160 2099 254 2148 spuma
262 2087 370 2136 Cerberi
378 2103 411 2138 ex
424 2087 519 2136 Inferis
531 2087 564 2137 ab
575 2088 692 2137 Hercule
733 2096 916 2153 tronescaptos
924 2089 1175 2140 memorator.Unde
1183 2089 1260 2138 ‘Vin-

159 2161 251 2210 educti
285 2169 373 2214 natum
396 2165 525 2214 aconitum
553 2163 691 2223 fabulatur,
732 2163 803 2214 dices
824 2165 899 2229 Ibyci
917 2165 1004 2230 grues'
1021 2165 1117 2229 potiori
1130 2167 1191 2230 jure
1208 2165 1259 2216 dici

159 2250 214 2287 noa
225 2253 257 2288 ex
270 2239 418 2290 Promethei
437 2242 571 2304 sanguine.
602 2239 691 2290 ‘Cos'
732 2239 863 2304 videntur,
875 2255 952 2308 quam
968 2241 989 2290 si
1005 2241 1194 2290 insusurrantes
1212 2254 1258 2290 suo

159 2313 205 2362 iric
225 2322 265 2364 est
283 2317 389 2368 Cautes.
420 2317 451 2366 In
474 2317 592 2367 cautibus
612 2332 691 2381 porro
731 2316 844 2380 ipsorum
864 2317 959 2368 indicio
976 2317 1090 2367 latrones
1102 2315 1208 2381 periisse
1219 2315 1257 2366 di·

160 2389 242 2454 nasci,
258 2399 286 2441 ct
308 2391 368 2442 inde
394 2394 490 2443 habere
510 2408 612 2456 nornen,
631 2409 692 2458 pro·
731 2398 829 2442 cautor.

160 2465 242 2516 ditum
266 2476 308 2519 est
328 2471 396 2520 Ptin.
414 2471 459 2521 lib.
479 2485 571 2522 xxvrr.
590 2487 649 2536 erp.
665 2477 690 2524 a.
764 2470 794 2515 1⁸
811 2466 931 2531 AEretuoe]
942 2465 1050 2517 Achillis
1061 2466 1133 2516 AEaei
1143 2467 1257 2532 nepotis·

160 2541 305 2594 ‘Nascitur
330 2545 356 2595 in
377 2546 452 2596 nudis
475 2549 600 2612 cautibus,
627 2563 690 2615 quas
762 2543 933 2594 Andromacha
952 2543 1017 2608 glor]
1034 2543 1170 2608 Polyxena
1185 2559 1256 2594 soror

159 2633 253 2672 accusa
262 2622 402 2674 nominant.
435 2625 470 2674 Et
485 2625 543 2674 ideo
559 2626 689 2676 aconitum
730 2619 852 2670 Hectoris
864 2617 952 2670 mariti
961 2617 1160 2670 Andromacha.
1188 2627 1191 2634 ’

160 2697 239 2763 aliqui
249 2697 348 2761 dixere,
365 2699 433 2749 onllo
440 2700 525 2764 juxta,
536 2713 568 2749 ns
581 2702 687 2765 pulvera
761 2697 776 2726 ⁵
792 2695 965 2745 Andromacho?
973 2687 1037 2758 glot]
1052 2696 1255 2746 JuxlaFestum

160 2773 265 2839 quidem
277 2775 427 2825 nutriente!
728 2778 755 2820 et
769 2771 881 2821 Nonium
900 2770 992 2832 ‘Glos,
1011 2769 1107 2819 Gloris’
1119 2770 1152 2819 de
1169 2770 1256 2819 mariti

170 2881 173 2888 ι
194 2851 226 2897 tn
242 2849 619 2913 immundissimarum
631 2852 687 2902 alti·
728 2861 816 2898 sorore
836 2855 916 2912 atque
945 2845 1037 2896 cadem
1063 2844 1152 2896 fratris
1175 2859 1256 2894 uxore

158 2924 688 2992 oolcssprsr]1bycusexnovemiryricis
728 2927 831 2975 dicitur.
1194 2987 1197 2992 Δ

159 2999 262 3050 Gracia
281 2999 365 3063 podiis
376 3015 450 3062 unus,
469 3002 648 3062 alatronibus,
659 3009 688 3052 ut
762 3005 792 3050 14
811 3003 911 3050 Currere
928 3001 955 3050 irs
974 2996 1081 3062 Argiuo]
1096 2997 1128 3048 In
1145 3011 1222 3063 quem
1239 3012 1256 3047 a

159 3073 244 3124 refert
253 3074 354 3136 Suidas,
364 3075 389 3123 iu
402 3075 539 3125 solitudine
548 3076 688 3139 deprehen·
727 3076 864 3127 Messeniis
876 3083 968 3140 raptus
985 3073 1078 3124 nobilia
1092 3073 1135 3122 ille
1145 3071 1256 3124 Achaeo·

159 3166 214 3214 sns,
236 3165 294 3200 cum
307 3151 361 3215 jam
378 3152 404 3200 in
421 3166 452 3201 eo
469 3159 549 3213 esset,
565 3157 596 3201 ut
612 3151 645 3201 ab
657 3153 687 3202 iis
727 3167 783 3201 rum
795 3153 942 3214 Imperator
953 3153 1084 3215 conjectus
1095 3149 1191 3200 fuerat.
1210 3150 1255 3199 vi-

157 3227 362 3291 interficeretur,
371 3243 447 3292 grues
454 3225 523 3277 i'orte
534 3229 593 3277 illac
606 3235 688 3278 trans·
727 3230 761 3280 dc
771 3227 904 3282 Plutarch.
916 3231 942 3279 in
954 3230 1011 3294 ejus
1021 3230 1083 3278 vita.
1162 3255 1166 3264 ι

159 3307 253 3354 euntes
268 3304 357 3372 mortis
374 3317 427 3353 sure
439 3310 519 3353 testes
534 3313 561 3352 at
571 3303 688 3354 uindices
759 3307 836 3356 Lenia
863 3307 925 3355 odiit
950 3304 1024 3368 mors]
1052 3304 1161 3352 Veneno
1182 3303 1257 3352 lento

158 3379 218 3429 fore
240 3379 409 3428 comminatus
424 3381 481 3429 est.
521 3379 604 3428 Paulo
629 3388 689 3444 post
728 3384 852 3434 conscita.

158 3464 257 3518 autem,
274 3471 331 3506 cum
349 3458 374 3505 in
386 3457 449 3506 urbe
460 3455 544 3506 media
556 3471 688 3506 versaren·
760 3463 790 3508 1⁵
808 3457 958 3508 Aremoricus
977 3457 1050 3521 Lcrr]
1077 3455 1255 3507 Viridomarus

160 3540 205 3582 tor
215 3533 233 3582 ii
244 3533 367 3594 latrones,
380 3533 603 3595 supervolantium
620 3531 689 3584 forte
727 3532 872 3584 Insubrium
885 3533 1018 3583 Gallorum
1029 3547 1087 3596 rex,
1106 3547 1182 3597 quem
1194 3533 1255 3584 Plu·

157 3610 266 3675 gruibus
289 3623 336 3673 per
347 3610 436 3673 jocum
458 3611 617 3658 insusurrare
639 3609 688 3659 sibi
729 3608 832 3658 lanchua
846 3607 1054 3658 ‘Britomartenr’
1072 3615 1157 3659 vocat.
1191 3607 1256 3658 Ara·

157 3685 286 3734 inaurem
305 3691 450 3748 coeperunt,
465 3685 489 3733 sl
504 3683 597 3734 'lflirrov
607 3683 689 3734 ἔκδικοι
728 3683 839 3732 moriens
849 3682 943 3732 dicitnr
951 3683 991 3732 iric
999 3683 1155 3748 proGallns,
1165 3697 1255 3747 synec-

156 3759 689 3826 ndprrcrr,‘adsuntaltriceslbyci!Quod,
728 3757 910 3821 dociteparlis·
945 3758 1072 3807 Estenim
1083 3759 1176 3809 Galliae
1195 3773 1254 3822 pars

158 3838 341 3888 cumanditum
352 3837 645 3902 acircumstantibus,et
655 3839 686 3888 ad
728 3832 887 3884 Aremorica.
920 3833 1025 3883 Dicitur
1047 3836 1097 3883 Lar
1112 3835 1168 3883 sire
1184 3835 1256 3896 lrars,

157 3915 343 3978 magistratum
355 3915 468 3964 delatum
479 3923 555 3972 esset.
572 3929 687 3979 compre·
726 3911 795 3976 quod
806 3911 906 3962 accisus
917 3917 944 3959 et
956 3911 1081 3975 spoliatus
1094 3925 1109 3958 a
1120 3909 1254 3974 Marcello,

156 3989 232 4038 lrensi
255 3988 367 4038 latrones
385 4003 417 4038 ac
435 4003 489 4038 rem
506 3989 532 4039 in
552 3991 687 4040 tormentis
727 3986 808 4036 tertia
828 3986 915 4049 opima
936 3986 1018 4050 spolia
1038 3984 1098 4037 Jori
1120 3981 1204 4043 dedit,
1225 3991 1255 4033 at
1304 3977 1309 3989 ’

158 4061 380 4127 confessl,prsuas
395 4063 530 4115 dederont.
563 4067 641 4116 Extat
654 4065 688 4114 de
727 4063 788 4120 Lar,
798 4063 853 4113 sive
864 4063 938 4124 Lars,
947 4063 1002 4112 sive
1016 4063 1106 4111 Lartes
1121 4059 1254 4110 Tolumni·

157 4139 209 4189 hos
220 4140 386 4204 Epigramma
396 4138 528 4204 Antipatri
545 4143 571 4192 in
586 4139 686 4191 Antho·
728 4155 757 4190 us
773 4140 806 4190 ab
815 4139 848 4190 A.
861 4138 938 4189 Corn.
951 4138 1031 4188 Cossa
1048 4133 1202 4186 interiectus
1212 4150 1251 4186 sc·
