3000 4882
502 351 727 400 suariorum
753 353 875 400 rc'rro.
1172 337 1231 401 791

144 495 266 560 mutuis
280 495 490 580 proditorem.
526 495 584 560 Ur
599 513 651 559 aa
668 512 792 560 uosrr.
826 493 917 574 Quid
934 495 1151 562 familiariusi
1187 495 1237 564 Ut

147 615 292 662 recusa
326 615 454 662 busur.
508 597 658 676 Quid¹⁷⁵
683 597 916 662 coustantius?
960 595 1017 660 Ur
1041 613 1164 672 vadus
1187 615 1234 662 ΤΕ

145 717 256 764 survi.
299 703 353 766 47.
377 698 552 779 Quiddioi
568 699 725 764 blandius
747 699 881 780 potestl
927 697 1141 764 Cousrarrrlr
1168 717 1237 762 ΜΕ-

146 819 204 866 uru.
227 819 277 866 Ab
308 803 424 866 Deua
459 819 614 867 uarum.
658 803 702 866 Et
724 801 1001 884 quemadmodum
1025 813 1154 878 sobbe,
1179 801 1235 866 cui

144 911 270 986 praesto
284 913 335 970 est
350 913 419 970 tam
435 907 560 988 pande
575 906 775 970 eonsiliumi
787 904 811 944 ¹⁸
855 901 910 967 An
925 901 1055 987 plenius
1075 921 1151 966 cum
1175 902 1235 966 Se·

143 1014 238 1084 nutu,
254 1027 329 1071 cum
345 1007 503 1089 Equestri
519 1007 643 1083 ordine,
660 1027 736 1071 cum
751 1005 850 1089 plebe
867 999 1034 1081 Romana,
1045 1022 1122 1068 oum
1138 1022 1235 1092 orrer-

144 1109 212 1171 citu
228 1113 299 1185 tuo,
312 1115 346 1172 et
360 1108 543 1192 proviaciis
560 1109 714 1172 omnibus
731 1107 979 1171 deliberasses?
1015 1105 1233 1176 cometarum

145 1225 255 1272 ursum
280 1226 331 1272 An
357 1211 469 1274 Duum
495 1227 648 1274 aarum.
692 1211 746 1276 48.
762 1205 1235 1286 Nonut,oredo,novumsa·

144 1329 262 1390 meum,
277 1314 335 1377 sed
351 1322 389 1378 ut
403 1315 552 1378 sanctius
565 1313 671 1391 fieret,
687 1313 778 1397 quod
792 1311 944 1377 volebas.
981 1309 1079 1376 Erus
1094 1326 1234 1374 Aduru-

145 1427 278 1476 urrurr
303 1422 575 1480 ousauurusz¹⁹
598 1414 729 1479 scilicet
754 1421 796 1478 ut
817 1414 853 1477 ia
878 1411 1103 1478 consecrando
1127 1403 1235 1494 patre,

143 1515 176 1578 in
192 1515 388 1582 ulciscendo
403 1525 534 1602 patruo,
556 1518 592 1580 ia
617 1511 809 1601 cooptando
823 1517 925 1581 tratre
938 1516 1061 1580 fecisti.
1103 1515 1157 1580 49.
1179 1515 1234 1578 ΤΕ

144 1613 355 1680 euasurum
395 1633 614 1698 DRStGNAvl,
646 1635 692 1681 ΕΤ
722 1634 954 1694 Dauusalvr,
987 1633 1032 1680 ΕΤ
1066 1631 1233 1710 Parospus

144 1734 383 1784 uuuuursvr.
428 1719 515 1798 Quis
528 1721 602 1786 brec
621 1721 723 1784 verba
745 1728 780 1784 te
803 1720 941 1784 doouitl
986 1719 1144 1802 Egotum
1158 1737 1234 1802 pro·

143 1819 216 1902 pria
232 1821 484 1888 ettam'Lulina
497 1824 640 1888 nescivi.
684 1825 912 1902 Drerouavr,
931 1838 976 1885 ΕΤ
1000 1837 1234 1897 nuculeum,

145 1939 193 1984 ΕΤ
218 1911 453 1989 ΝὐΝουΕΑΤΤ.
499 1925 854 1991 Noafitboctemere.
900 1925 1234 1988 Hubotmorassuus

142 2022 326 2105 dispertitis
350 2026 510 2106 gradibus
529 2034 598 2090 tum
623 2033 752 2092 matura
775 2028 958 2092 cunetatio.
1001 2028 1056 2090 50.
1080 2023 1155 2088 Has
1171 2041 1234 2104 ego

142 2124 261 2188 literas
276 2132 355 2210 tuus
370 2127 401 2190 si
416 2126 451 2189 in
465 2128 617 2192 omnibus
632 2129 712 2210 pilis
736 2134 835 2212 atque
858 2127 1055 2212 porticibus,
1077 2126 1168 2191 uude
1193 2124 1235 2188 de

144 2228 245 2310 plano
258 2227 324 2311 legi
339 2229 489 2312 possint:
501 2229 608 2294 instar
623 2231 726 2295 edicti
741 2230 883 2314 pendere
898 2230 1097 2294 mandavero
1107 2249 1116 2308 3
1127 2247 1235 2294 noune

135 2411 285 2468 familiarius
296 2412 343 2462 dici
353 2411 448 2475 puteal?
473 2413 511 2463 Ut
523 2413 651 2464 debebam
662 2413 762 2474 facere,
772 2415 840 2478 quid,
848 2411 1052 2478 perseuerantius?
1068 2413 1107 2462 Ut
1115 2425 1235 2462 nurerum

143 2482 170 2522 te
183 2476 492 2539 cupere,qur'at1aruieel
508 2477 577 2526 Perii
591 2495 605 2528 a
623 2481 681 2528 Deo
694 2481 868 2540 consiliumet
880 2480 989 2542 quuruudo
1001 2479 1070 2527 solus
1086 2491 1112 2526 et
1126 2479 1178 2526 cuia
1190 2475 1237 2524 tibi

71 2571 80 2590 ·
142 2539 205 2588 adsit
217 2545 266 2589 tem
281 2542 383 2604 amplum
395 2541 543 2595 Consilium?
569 2543 608 2594 Au
624 2542 715 2606 pieriae
729 2543 904 2593 deliberauirees
921 2542 1142 2604 ourrrSerralu,errm
1156 2541 1237 2589 ordiar

146 2603 265 2668 Equestri,
276 2621 328 2654 euru
344 2606 409 2668 plebe
420 2607 537 2668 Romana,
553 2623 604 2656 eum
622 2613 663 2658 tuo
682 2609 796 2665 exercitu,
814 2613 835 2658 el
854 2608 968 2657 uniuersis
987 2605 1139 2657 Provinciis?
1165 2605 1237 2655 Pelii

143 2669 277 2718 conuitium
288 2683 303 2718 a
316 2670 385 2730 Deo,
395 2685 450 2733 riou,
461 2671 571 2734 arbitror,
578 2677 604 2720 ut
614 2685 707 2734 caperes
716 2687 808 2732 uorum,
819 2687 897 2720 uerum
907 2677 932 2720 ul
944 2673 1004 2734 quod
1015 2673 1149 2720 decreveras
1161 2669 1237 2732 fieret

142 2735 256 2782 sanctius.
288 2734 421 2784 Obedieus
438 2736 462 2798 ej
467 2750 495 2783 us
508 2737 641 2792 voluntati,
652 2751 731 2798 nempe
747 2741 774 2784 ut
787 2735 871 2794 fecisti
881 2736 906 2783 iu
916 2735 1036 2795 referendo
1051 2740 1148 2795 parente
1158 2739 1199 2780 trru
1210 2733 1237 2780 ire

143 2795 260 2846 Diuorum
271 2811 401 2859 numerum,
412 2800 438 2848 iu
453 2800 581 2848 ulrimeudo
595 2805 689 2862 patruo,
699 2800 725 2848 iu
741 2799 964 2858 msumeudofrotre
973 2800 1000 2848 iu
1008 2800 1119 2859 collegam
1129 2795 1235 2860 Imperii.
1325 2817 1327 2822 ·

143 2861 286 2923 Desiguuvi
299 2870 326 2910 te
338 2863 485 2925 Consulem,
496 2873 524 2912 et
542 2864 696 2921 renuntiavi,
707 2869 735 2911 et
744 2864 871 2925 appellavi
891 2863 1012 2924 priorem.
1047 2862 1107 2916 Quis
1125 2867 1149 2910 le
1159 2861 1236 2908 duruit

143 2924 291 2976 loeeuerla?
316 2927 370 2988 Ego
387 2929 809 2991 eerteuereieitumpropria‚eitam
820 2927 916 2976 battua.
943 2927 1094 2988 Deslguavl,
1105 2933 1132 2974 et
1143 2939 1235 2974 renuu-

144 2990 219 3050 rieul,
229 2997 256 3038 et
267 2992 403 3054 appellari.
437 2993 492 3040 Nou
509 2992 589 3056 boefit
606 2992 692 3054 absque
707 2991 811 3040 romilio.
841 2992 965 3039 Curetatia
984 2997 1033 3040 tam
1050 2991 1152 3053 madeus
1166 2988 1236 3036 babet

143 3067 222 3102 moror
237 3069 293 3103 suaa
307 3056 427 3116 gradatim
437 3057 570 3118 dispositus.
598 3055 626 3104 Si
637 3071 680 3116 ego
684 3055 777 3116 jurmero
795 3055 837 3103 liar
852 3060 905 3103 tuus
923 3057 1004 3103 literae
1013 3054 1113 3118 appendi
1127 3059 1237 3117 tauquam

142 3119 245 3167 edietum
255 3120 349 3183 aliquod
359 3122 389 3169 ad
399 3135 477 3170 omues
493 3122 618 3182 columnus,
628 3125 652 3170 et
662 3123 687 3168 iu
703 3121 807 3168 omuibus
818 3119 961 3183 Porticibur,
970 3122 1031 3169 uude
1046 3118 1137 3183 pomi
1147 3117 1195 3180 legi
1204 3131 1235 3166 ex

598 3265 774 3284 &m

141 3368 150 3396 ‘
163 3372 189 3414 et
200 3377 249 3411 nun
261 3363 353 3413 metuis
365 3363 606 3427 proditorem.'-rr
624 3363 742 3414 Acidalio
752 3362 794 3412 bie
805 3377 903 3424 omues,
913 3361 985 3426 [Viri.
999 3361 1056 3426 iai]
1066 3370 1163 3426 preter
1176 3339 1237 3414 Sea·

142 3433 261 3494 ligerum,
272 3428 512 3479 subscribunt.·-l8
529 3429 658 3478 Concilium
668 3429 764 3492 legitur
774 3429 800 3477 ia
811 3435 865 3478 aet.
876 3429 1014 3481 lium—19
1031 3429 1091 3479 Vld.
1099 3431 1162 3480 Not.
1175 3430 1237 3481 Ver.

635 3551 741 3602 NOTAE

144 3655 220 3698 sonat
239 3647 349 3699 Acidalii
370 3647 528 3698 observatio.
566 3649 669 3698 ‘Care'
710 3649 959 3712 eutelegantlsrirur.

144 3725 298 3789 Imperatori
317 3724 459 3773 ‘solennis’
475 3733 517 3773 est
533 3717 670 3774 Consulum
743 3725 751 3757 ²
770 3726 838 3774 Unde
848 3727 877 3775 de
891 3727 960 3789 pluro
969 3725 1017 3785 legi
1029 3722 1130 3788 possint]
1141 3724 1172 3773 Id
1186 3733 1237 3784 est,

144 3800 326 3862 creandorum,
336 3813 393 3863 quas
404 3799 542 3863 quotannis
554 3799 630 3848 redit.
711 3815 761 3849 non
784 3803 859 3849 ultius
880 3813 1019 3863 suspensae,
1036 3815 1112 3865 quum
1132 3815 1182 3864 qim
1201 3803 1237 3851 vi-

178 3877 240 3926 ·Ut
260 3891 297 3925 rue
317 3875 388 3924 uerti.
430 3876 495 3932 Quiri
506 3873 673 3934 familiarius?
711 3891 754 3926 rar
764 3876 897 3926 commode
908 3875 1045 3938 pervenire
1058 3875 1149 3938 possit.
1185 3877 1237 3927 Ve-

149 3955 184 4003 Ut
196 3953 280 4012 fouere
294 3951 371 4002 delei.
406 3951 480 4012 Quid,
496 3951 550 4014 le]
566 3951 610 4001 Sic
622 3952 672 4001 sin·
713 3963 755 4003 tua
776 3959 817 4002 ert
837 3949 961 4000 formale:
984 3951 991 3978 ‘
1008 3951 1083 4000 Unde
1104 3949 1137 4000 de
1159 3951 1237 4014 pluro

145 4029 206 4093 gula
233 4027 340 4090 singulte
369 4019 547 4090 interjieteada
575 4027 673 4090 potius,
712 4036 784 4078 reete
804 4028 852 4091 legi
866 4025 972 4090 possit?
989 4026 1027 4074 his
1049 4025 1133 4075 literis
1151 4027 1184 4077 V.
1202 4028 1237 4078 D.
1271 4041 1274 4047 ’

145 4117 222 4168 quam
242 4103 373 4166 disjuncta
388 4108 448 4165 post
460 4101 536 4152 simul
553 4103 673 4164 ponende
712 4105 745 4154 P.
757 4105 790 4154 ll.
803 4105 832 4153 1..
844 4104 874 4152 P.
895 4105 919 4150 iu
940 4103 1046 4152 vetustis
1069 4105 1250 4164 marmoribus,

144 4180 245 4232 censuit
262 4178 398 4238 Acidaliae
420 4184 501 4231 recte.
518 4217 521 4224 .
539 4179 672 4245 Subjeotio
713 4179 863 4244 quibusdum
875 4191 1013 4242 expressae
1198 4183 1199 4186 ’
