3026 4898
274 361 338 424 550
722 371 879 420 ansouu

275 515 378 580 Ludit
394 521 430 580 et
444 513 606 580 AEeciden
621 511 803 579 Parnassia
817 511 1028 598 Delphicolae
1202 533 1285 579 sors.

273 617 463 684 Threicium
478 615 643 701 Libycum
656 613 744 680 freta
759 614 1039 699 Cimmeriumque
1055 617 1147 679 secat
1212 615 1289 681 bes.

277 719 360 786 Non
375 721 445 784 sine
460 717 710 802 Hamadryadis
727 717 799 782 into
815 717 905 783 cadit
918 716 1058 782 arborea
1187 717 1288 782 trabs.

276 819 355 900 Quo
371 823 529 902 generata
542 818 674 897 Venus,
696 817 853 882 Saturnia
869 818 1019 884 desecuit
1201 815 1286 882 falx.

234 911 236 918 ’
275 923 377 988 Sicca
389 921 476 986 inter
488 939 587 1005 rupes
602 918 781 1004 Scythicas
796 920 890 984 stetit
905 920 1043 984 alitibus
1193 937 1288 984 crux.

274 1139 401 1206 perfidare.
430 1140 557 1189 Oraealara
565 1138 639 1188 etiam
649 1136 805 1186 Panamara
815 1136 864 1186 Dei
875 1137 980 1201 Delphos
990 1137 1115 1188 incolentia
1130 1137 1236 1203 ludificat
1249 1137 1377 1202 Pyram

276 1203 327 1253 Bos
338 1205 494 1265 traaatsrato
506 1203 641 1262 structura,
652 1201 803 1265 Egyptian,
814 1205 838 1250 at
850 1202 1010 1252 Cimmerium.
1046 1203 1153 1252 'l'raaeaa
1164 1201 1255 1250 arboria
1265 1217 1312 1250 aaa
1325 1203 1376 1251 radi

276 1268 359 1331 adaque
370 1273 443 1317 marta
456 1268 632 1330 Hamadryadis
642 1266 669 1315 a'u
679 1281 705 1315 ao
717 1265 826 1315 niventia.
862 1265 926 1315 Folo
936 1265 1036 1315 Saturni
1047 1265 1147 1316 decidit
1157 1267 1227 1328 illud,
1244 1268 1305 1315 sande
1321 1281 1377 1329 pro·

275 1334 360 1394 adada
373 1333 451 1383 Vsaaa
462 1337 507 1382 eat.
542 1332 610 1380 Gran
626 1331 694 1380 ort'da
705 1335 783 1379 meato
792 1335 828 1380 eat
838 1328 992 1382 iatmeaater
1007 1330 1111 1396 &mlada
1122 1330 1204 1380 acidas
1214 1330 1331 1394 amella,
1344 1345 1376 1379 aa

277 1606 393 1672 Scaliger
421 1606 608 1670 interpretatur
623 1604 728 1668 frigida.
769 1606 848 1656 Certe
871 1605 942 1657 Soeaa
961 1620 1011 1658 uon
1030 1619 1143 1672 respuo,
1167 1604 1233 1656 laclt
1257 1605 1324 1654 enim
1342 1603 1376 1654 ad

768 1752 878 1804 NOTAE

278 1872 343 1915 anm,
360 1856 408 1906 snb
423 1858 557 1921 epularum
577 1858 673 1923 specle,
690 1857 807 1908 combus-
847 1859 917 1909 culta
933 1860 981 1910 sub
1000 1858 1076 1909 laidis
1097 1858 1199 1908 nemine
1222 1861 1272 1906 est.
1304 1855 1378 1906 salu

278 1933 321 1983 sit.
354 1930 455 1993 Altera,
470 1932 538 1997 quod
558 1948 574 1981 a
590 1933 658 1984 Jove
680 1933 810 1996 expiatus,
848 1933 1077 1998 qnidambabent:
1094 1932 1309 1993 Etjarioloartrc
1326 1937 1378 1980 aaa·

278 2008 367 2058 deleta
376 2008 441 2058 tanti
452 2008 556 2058 sceleris
568 2009 678 2071 macula,
694 2016 721 2058 et
733 2009 765 2058 ab
776 2023 808 2060 eo
846 2014 889 2058 sat
899 2024 965 2058 mure
977 2010 1129 2058 cimeterium
1140 2009 1189 2060 baa.

276 2083 394 2134 Deorum
415 2084 586 2135 contubernio
606 2069 713 2145 ascitu's,
740 2085 808 2134 tanti
879 2082 1102 2148 {Hamadryadis}
1124 2082 1253 2148 Nymphae
1272 2081 1379 2132 fuerant

277 2159 398 2209 beneficii
425 2160 566 2223 immemor,
588 2159 717 2210 ‚lunonem
754 2161 808 2224 ejus
848 2159 927 2210 dictae
949 2154 1156 2223 Hamadryades,
1182 2157 1260 2224 quod,
1282 2154 1331 2218 ἅμα
1346 2158 1379 2222 τῇ

277 2249 383 2285 uxorem
394 2241 514 2298 stuprare
526 2236 644 2285 voluerit.
677 2236 731 2286 Pro
747 2251 808 2300 qua,
848 2234 906 2299 dpcl,
922 2235 996 2284 simul
1008 2249 1066 2285 cum
1077 2249 1184 2299 quercu,
1200 2235 1227 2284 in
1238 2248 1290 2299 qua
1304 2233 1378 2286 habi·

277 2309 412 2373 supposita
422 2310 448 2359 ei
459 2309 537 2373 nube,
553 2309 697 2360 Centauros
709 2313 808 2374 genuit,
849 2310 949 2372 tabant,
971 2318 999 2360 et
1021 2311 1141 2360 viverent
1158 2320 1186 2359 et
1205 2315 1375 2359 morerentur.

278 2386 323 2450 qui
356 2385 418 2434 inde
453 2385 617 2448 appellantur
652 2385 806 2446 Nubigenae.
848 2386 916 2434 Vide
927 2385 1111 2436 Erisicbtlrouis
1123 2385 1242 2436 Fabulam
1256 2385 1301 2435 lib.
1312 2398 1377 2436 uun.

277 2458 359 2520 Hinc,
376 2466 439 2509 rotae
450 2461 478 2508 in
488 2459 583 2509 Inferis
594 2458 686 2510 affixus
706 2475 808 2526 semper
847 2465 954 2513 Metam.

278 2533 396 2596 volubili,
421 2549 510 2599 poenas
532 2534 648 2600 perfidia
670 2537 742 2586 luere
762 2536 808 2586 fin·
879 2539 895 2569 ⁶
912 2542 967 2588 Nara
985 2540 1035 2588 aiae
1045 2536 1224 2602 Hamadryadis
1240 2537 1296 2598 sato
1311 2537 1379 2586 eadit

278 2609 356 2674 gitur.
846 2615 944 2664 arborea
961 2613 1038 2676 baba]
1059 2613 1189 2676 Nympha
1210 2627 1280 2675 quse,
1306 2617 1378 2660 teste

312 2686 391 2750 Nuba]
408 2686 531 2737 licenter
550 2701 597 2751 pro
616 2687 713 2738 nubea:
732 2694 807 2737 ‘nam
848 2689 946 2751 Servio,
963 2704 1021 2739 cum
1031 2687 1167 2737 arboribus
1178 2687 1252 2735 simul
1272 2694 1300 2736 et
1319 2700 1377 2736 naa·

277 2761 343 2812 nubs
355 2775 404 2811 non
417 2761 541 2824 dicimus,’
553 2761 638 2827 inquit
654 2762 759 2812 Servius
775 2762 807 2812 ad
847 2773 941 2816 cuntur
961 2772 987 2814 et
1002 2765 1144 2813 intereunt.
1179 2762 1256 2812 Unde
1273 2762 1377 2826 elegan-

276 2838 346 2887 lruue
365 2837 410 2888 lib.
421 2851 449 2887 x·
467 2837 567 2888 AEneid.
587 2852 707 2888 versum:
725 2839 807 2888 ‘Tum
847 2849 889 2892 ter
900 2841 969 2906 apud
981 2840 1127 2890 Barclaium
1147 2840 1172 2888 ln
1185 2839 1377 2903 Eupbcrmicne

277 2913 335 2964 Dea
344 2914 413 2964 nube
423 2913 507 2978 cava,'
518 2917 567 2964 dre.
848 2918 1001 2982 principium
1018 2918 1095 2966 amici
1116 2917 1150 2966 de
1172 2931 1216 2966 se:
1234 2917 1377 2966 ‘Potentia

309 2995 324 3038 5
341 2991 415 3039 Ludit
435 2992 592 3054 nAEaddeu,
607 2991 648 3054 dre.
664 2990 727 3054 sorr]
742 2989 807 3055 Pyr·
848 2994 964 3044 cadimus
985 2995 1011 3042 iu
1032 2993 1140 3043 interitu
1167 2998 1321 3055 magnatum,
1346 2998 1377 3040 nt

276 3065 362 3127 rhum,
381 3065 414 3114 ab
437 3063 547 3128 Achille,
562 3066 607 3130 qui
628 3067 700 3116 AEaci
725 3081 807 3130 nepos
848 3086 905 3135 qua
917 3071 1045 3136 Nymphas
1064 3084 1122 3119 curn
1144 3069 1279 3119 arboribus
1299 3069 1377 3118 mori·

277 3150 343 3207 erat,
377 3143 501 3206 originem
535 3144 678 3192 trahentem
710 3143 807 3193 delusit
847 3147 943 3197 nutura!
975 3148 1026 3196 Eas
1038 3146 1154 3196 Catullus
1175 3160 1221 3208 pro
1235 3145 1378 3195 Naindibua

276 3219 436 3282 Delphicum
448 3218 599 3280 Oraeulum,
616 3220 664 3270 buc
677 3220 807 3284 amphibo·
848 3222 944 3286 posuit,
959 3222 998 3270 uti
1009 3227 1036 3270 et
1053 3235 1098 3284 pre
1110 3219 1254 3270 Naiadibus
1266 3219 1376 3270 Ovidius

276 3295 328 3346 lieo
345 3309 423 3344 versu
441 3293 663 3345 decantatissimo:
680 3293 748 3344 ‘Aio
771 3303 806 3360 te,
847 3298 921 3362 ponit
941 3296 1146 3362 Hamadryades.
1179 3297 1238 3360 His,
1263 3311 1297 3345 err
1320 3295 1375 3347 lde·

265 3370 394 3444 IAEacida,
420 3371 548 3420 Romanus
576 3371 680 3421 vincere
712 3373 806 3434 posse.'
846 3374 927 3434 sindo,
944 3372 1071 3423 Ausonius
1082 3372 1144 3422 alibi
1159 3373 1239 3422 vitam
1258 3373 1376 3437 longissi-

277 3447 336 3498 Qno
347 3443 468 3496 inductus
480 3446 601 3495 Romanis
622 3445 717 3496 bellum
737 3446 806 3497 intn·
846 3465 912 3499 mam
924 3450 1026 3499 tribuit.

276 3521 318 3583 lit,
334 3520 451 3586 aquibus
462 3520 807 3588 rictuseraculumdemum,
878 3530 894 3574 8
913 3527 965 3581 Quo
974 3529 1088 3586 generula
1100 3523 1188 3586 Vertar]
1205 3523 1307 3588 Nempe
1315 3523 1377 3573 coeli

277 3597 323 3647 sed
334 3597 425 3659 serina,
441 3596 581 3646 intellexit.
846 3601 976 3664 pudenda,
991 3615 1005 3648 e
1024 3600 1118 3665 quibus
1139 3613 1154 3647 a
1172 3599 1285 3648 Saturno
1306 3597 1376 3650 falce

309 3671 664 3736 bl'lareieiam,lsybr‘enaa,ln.
677 3679 741 3723 secat
755 3672 806 3738 bos]
846 3676 963 3739 abcissia,
987 3691 1018 3727 ac
1038 3676 1064 3725 iu
1082 3690 1151 3724 mare
1170 3675 1292 3738 delapsis,
1316 3683 1376 3725 orta

276 3747 541 3811 Intelligeberemin
558 3762 635 3812 quam
655 3755 754 3799 mutata
768 3751 807 3814 lo,
845 3754 992 3803 Venuseat.
1018 3751 1175 3815 Videsupra
1185 3751 1377 3814 Epipxxxru.

276 3825 476 3888 oeatropereita,
493 3838 527 3873 ex
547 3825 652 3888 Europa
670 3825 696 3874 in
719 3825 805 3876 Asiam
878 3829 1059 3890 dlaterrapes
1070 3825 1195 3890 Scythicus
1203 3827 1377 3876 cauditum

276 3919 325 3969 per
334 3901 496 3965 Bosphorum
506 3900 649 3964 Thracium,
659 3885 710 3964 rel',
722 3910 750 3952 nt
762 3903 806 3952 alii
844 3901 916 3965 anax]
933 3903 963 3951 lu
976 3903 1091 3952 Caucaso
1108 3908 1196 3950 moute
1209 3901 1322 3965 Scythiae
1338 3902 1375 3952 fa-

277 3980 403 4040 anribunt,
420 3991 469 4041 per
482 3976 632 4025 Cimmeriam
643 3977 755 4041 trajecit,
767 3986 805 4029 at·
846 3978 928 4028 buleti
939 3985 999 4027 suut
1016 3976 1119 4027 affixum
1139 3978 1331 4041 Prometheum,
1346 3987 1375 4029 et

277 4069 327 4119 que
346 4053 406 4103 inde
428 4059 531 4102 tranato
552 4053 617 4100 mari
638 4053 705 4117 quod
716 4053 803 4104 Asiam
844 4068 983 4103 renascens
995 4068 1098 4117 semper
1109 4053 1165 4116 ejus
1173 4059 1249 4118 jecur
1262 4055 1374 4120 aquilam

276 4131 345 4179 inter
364 4138 391 4180 et
411 4129 521 4192 Libyen,
536 4128 585 4178 boc
606 4135 656 4189 est,
678 4128 804 4191 Africam,
844 4130 960 4194 depasci.

276 4205 427 4268 intercedit,
439 4205 557 4268 pervenit
568 4204 594 4253 iu
604 4205 752 4270 lEgyptum,
762 4207 804 4256 ubi
