2998 4884
286 367 352 445 462
754 391 908 443 nusonu

288 538 333 602 Et
345 538 453 612 lacus,
467 540 499 600 et
512 533 606 600 bivio
620 535 743 598 refluus
757 534 943 598 manamine
954 539 1085 617 pontus.

288 639 341 701 Tu
355 636 498 720 placidis
512 637 689 720 prolapsus
705 638 812 719 aquis,
824 655 884 700 nec
899 653 1068 700 murmura
1083 635 1172 703 venti

289 739 384 816 Ulla,
395 757 457 801 neo
470 738 593 802 occulti
608 736 731 822 pateris
744 736 931 800 luctamina
944 735 1032 799 saxi.

289 839 368 904 Non
382 845 558 923 superante
572 839 659 904 rado
674 837 811 920 rapidos
825 855 978 919 reparare
990 841 1122 899 meatus
1336 831 1383 896 35

290 941 440 1023 Cogeris,
457 945 611 1004 extantes
626 939 739 1004 medio
754 958 819 1002 non
835 957 970 1020 aequore
986 943 1088 1002 terras
1148 995 1152 1002 .

290 1041 500 1126 interceptus
514 1041 639 1106 habes:
657 1041 743 1124 justi
758 1059 800 1103 ne
813 1039 925 1102 demat
937 1038 1094 1101 honorem

290 1141 456 1220 Nominis,
471 1142 647 1206 exclusum
662 1143 690 1205 si
705 1140 836 1205 dividat
848 1138 958 1202 insula
971 1138 1105 1203 flumen.

289 1243 342 1306 Tu
358 1243 515 1325 duplices
530 1243 647 1307 sortite
661 1243 747 1318 vias,
763 1247 797 1304 et
811 1259 887 1305 oum
902 1257 998 1305 amne
1015 1237 1160 1302 secundo

291 1343 433 1422 Defluis,
446 1351 484 1408 ut
497 1345 622 1409 celeres
637 1344 755 1408 feriam
769 1342 857 1406 vada
870 1340 1004 1406 concita
1017 1339 1120 1402 remi:
1340 1339 1385 1399 40

291 1444 422 1509 Etcum
436 1465 496 1528 per
510 1446 602 1529 ripas
618 1463 782 1528 nusquam
795 1447 947 1509 cessante
961 1440 1106 1506 remuloo

291 1622 384 1675 munt.
418 1626 453 1673 ru
462 1625 541 1687 steens
550 1626 620 1675 undis
630 1626 713 1675 leniter
723 1625 863 1685 ludentibus,
878 1639 924 1673 non
937 1622 1054 1686 enutris
1063 1621 1247 1670 slbsmnrsltus
1256 1625 1387 1678 umorum,
1423 1655 1426 1663 s
1484 1631 1485 1640 ¹

291 1701 362 1750 nsque
372 1689 529 1738 resistentium
539 1690 610 1738 ultius
619 1691 686 1754 rupis
695 1691 799 1739 latentis.
834 1691 890 1738 Non
905 1690 996 1750 rogeris
1012 1687 1126 1735 remeius
1141 1687 1226 1734 celeres
1242 1691 1295 1734 tuos
1305 1699 1388 1736 rursus

291 1752 340 1802 atta
349 1758 426 1814 perte,
439 1759 564 1816 propterea
578 1756 638 1816 quod
647 1757 709 1802 nuda
718 1759 827 1816 supnrnt
838 1755 913 1802 undas
923 1757 986 1812 tuns,
1001 1765 1047 1799 non
1057 1749 1128 1799 tntu
1136 1755 1213 1798 terras
1223 1751 1350 1798 eminentes
1360 1749 1387 1796 r'n
1486 1755 1487 1768 ¹

290 1815 367 1864 medin
377 1821 419 1864 tun
427 1818 556 1881 superficie,
566 1817 647 1880 qutun
657 1818 789 1867 divideris.-
799 1833 829 1867 ne
839 1817 924 1879 insutu,
937 1815 1061 1880 partiendo
1065 1814 1184 1878 fluentum
1194 1819 1261 1861 rnen
1270 1813 1388 1874 intercep-

291 1880 450 1944 tsm,odimnt
461 1882 505 1930 tibr'
520 1883 590 1930 decus
606 1882 687 1943 magni
697 1880 772 1945 fiunti
790 1883 849 1944 prod
865 1881 950 1929 merito
966 1879 1043 1929 ludes
1077 1879 1112 1926 llo
1122 1877 1193 1926 talen
1201 1878 1321 1937 geminum
1331 1878 1389 1935 iter,
1487 1893 1488 1926 l

291 1947 316 1991 et
324 1945 414 2006 quando
425 1945 720 2009 devehisjuxtostuentum
731 1951 806 2008 mum,
816 1946 853 1994 ita
864 1949 891 1993 ut
901 1944 959 1994 remi
966 1943 1073 2006 pernices
1081 1943 1172 2005 pulsent
1182 1955 1254 2004 equus
1265 1946 1319 1989 tuus
1327 1935 1388 1990 inei·
1486 1941 1487 1946 ’

292 2011 373 2057 tatus:
389 2015 413 2058 et
431 2011 522 2073 quando
532 2014 611 2060 nustoe
619 2025 665 2074 per
675 2011 740 2074 ripun
750 2011 847 2059 trulmt
857 2007 992 2068 codosunes
1007 2007 1077 2056 mulis
1088 2006 1198 2067 dligatm
1208 2005 1266 2067 jugi
1276 2007 1387 2055 remulco.

293 2252 325 2297 8³
337 2247 524 2298 vetustissima
535 2249 707 2312 exemplaria:
723 2251 861 2312 pentoma,
878 2249 929 2297 ulis
943 2247 1071 2310 prolapus.
1106 2246 1235 2296 Frelrerus
1252 2250 1344 2296 censet
1360 2243 1390 2292 nl

291 2313 527 2375 proelnpsusrectins
538 2327 596 2362 esse
612 2327 689 2377 quarn
706 2313 900 2376 prolapsus-tto
919 2311 961 2360 ΑΙ.
979 2316 1233 2373 spnmte...sopernre.
1264 2309 1325 2360 Vid.
1342 2309 1388 2357 inf.

294 2385 321 2426 et
334 2377 398 2425 Not.
407 2376 537 2426 Van—³⁷
554 2377 700 2440 interuentus
713 2377 917 2426 Polemon-tt
934 2375 1015 2438 Vulg.
1026 2374 1150 2435 limigenis.
1182 2375 1321 2438 Ugolettun
1333 2374 1390 2422 edl-

788 2519 893 2571 NOTAE

326 2621 359 2668 32
376 2615 447 2668 Bis-io
457 2653 465 2669 .
476 2653 482 2668 .
494 2618 651 2683 manamine]
684 2619 728 2668 Sic
749 2624 822 2668 recte
861 2621 991 2666 mercator
1000 2614 1102 2680 qnidam
1112 2613 1241 2664 admirans
1253 2627 1303 2678 quo
1313 2620 1390 2678 preto

293 2694 441 2749 Gronovius
451 2709 497 2758 pro
508 2695 644 2756 munimine,
665 2695 822 2744 emanando
861 2693 930 2743 inter
951 2693 1069 2742 Mosellse
1085 2704 1147 2741 saxu
1161 2697 1239 2740 noctu
1254 2691 1389 2740 incolumis

294 2776 441 2831 munemen,
452 2774 482 2818 ut
494 2784 508 2818 a
519 2768 661 2819 simulando
669 2769 822 2818 simulsmen
862 2769 996 2818 evasisset.

293 2845 343 2894 hoc
354 2845 411 2909 ipso
421 2844 447 2892 in
458 2845 590 2894 carmine:
612 2844 733 2894 ‘Gaudet
745 2845 821 2894 simu·
893 2847 924 2892 to
943 2843 999 2891 Non
1008 2846 1132 2905 superante
1142 2843 1210 2903 nudo,
1220 2839 1274 2902 to]
1299 2841 1392 2892 Solici-

294 2920 504 2970 lamineueutins
520 2920 621 2984 pubes!
651 2921 753 2970 Bivium
768 2935 821 2970 run·
863 2922 921 2967 tant
948 2917 1015 2966 hanc
1043 2917 1181 2965 lectionem
1211 2913 1334 2966 Barthius
1363 2926 1391 2967 et

294 3007 386 3043 namen
398 2995 475 3043 maris
486 3002 526 3046 est
536 2996 589 3058 ejus
598 2993 822 3045 aestunntisfluxus
863 2993 1020 3045 Gronovius:
1036 2991 1143 3043 frustra.
1159 2993 1254 3042 Sensus
1262 2999 1302 3042 est
1318 3009 1392 3057 uper·

294 3083 324 3123 ac
340 3067 463 3119 refluxus.
496 3072 538 3119 Ne
550 3077 636 3119 tumen
648 3079 725 3134 putes
735 3073 822 3135 liujus-
863 3071 984 3133 tissimus,
1004 3084 1079 3135 quem
1090 3071 1207 3133 expressi
1218 3070 1245 3119 in
1256 3069 1392 3132 Interpro-

295 3143 363 3192 modi
375 3150 465 3193 eertum
477 3145 592 3194 tribuere
604 3145 715 3194 voluisse
725 3145 822 3194 Monel-
862 3147 968 3195 tutione.

294 3219 328 3267 1ae
353 3217 511 3280 Ausoninm3
526 3219 571 3268 sed
594 3219 620 3268 id
643 3226 743 3268 tuntum
762 3235 821 3270 erim
894 3219 909 3249 ‘¹'
927 3222 981 3270 Non
989 3226 1112 3284 superante
1122 3223 1250 3286 nudato]
1267 3224 1391 3274 Burtlrius

295 3293 373 3356 velle,
383 3307 461 3342 naves
473 3294 499 3342 in
511 3295 622 3344 Mosella
631 3295 671 3358 egi
682 3293 716 3344 ob
730 3294 821 3343 lenita·
861 3301 889 3344 et
900 3295 1045 3346 Gronovius
1053 3309 1098 3360 pro
1108 3303 1232 3360 superante
1240 3298 1331 3360 legunt
1341 3315 1395 3363 spe-

273 3417 276 3422 ,
296 3374 348 3418 tenu
366 3369 423 3432 ejus
442 3384 541 3430 cursus,
561 3376 614 3420 tum
633 3369 746 3420 seeundo
766 3376 821 3420 tum
860 3377 940 3433 rante,
950 3371 1043 3436 hicque
1055 3387 1101 3436 pro
1111 3387 1231 3437 reparare,
1244 3376 1307 3439 legit
1323 3392 1392 3440 supe-

295 3441 502 3509 sdnersoflurio,
522 3446 659 3496 utinmsri
671 3453 737 3496 sustu
749 3461 822 3496 arce·
861 3460 925 3495 rnre.
967 3447 1080 3510 Vulgata
1100 3455 1184 3497 nutem
1207 3465 1264 3498 cum
1287 3465 1392 3500 sensnm

295 3521 374 3572 deute
385 3520 418 3570 sd
430 3529 526 3570 terram
538 3520 665 3578 feruntur,
677 3520 821 3572 decedente
863 3523 967 3586 planum
1003 3522 1108 3586 lrabeat,
1142 3538 1193 3573 uon
1230 3515 1393 3577 solicitsuds'.

296 3594 578 3647 referunturinaltum.
612 3597 671 3647 Hoc
686 3602 736 3660 est,
753 3597 822 3662 quod
862 3599 939 3648 ‘Non
962 3599 1083 3662 cogeris,'
1103 3615 1208 3650 necesse
1230 3603 1393 3667 nonnanes,

296 3671 463 3733 supradixit,
478 3671 613 3735 ‘Naviger
623 3677 653 3721 ut
664 3671 823 3736 pelagus,’et
862 3673 1019 3737 ‘superante
1040 3672 1127 3736 vudo,'
1148 3675 1222 3724 alveo
1244 3677 1328 3726 arenis
1348 3694 1394 3741 ag·

295 3744 374 3807 infra,
388 3747 444 3796 ‘Tu
456 3747 573 3812 duplices
584 3748 676 3798 sortite
688 3747 761 3810 vins,'
771 3751 822 3800 dre.
863 3758 939 3814 gesto
955 3763 1011 3814 quae
1030 3762 1132 3798 cursum
1143 3749 1317 3815 retardarent,
1333 3753 1393 3802 ‘re-

285 3859 292 3886 ,
307 3829 309 3832 '
328 3823 343 3852 ¹
359 3827 391 3872 ar
408 3824 547 3876 Lurtnminn
556 3823 623 3886 suxi]
639 3825 705 3875 Hoee
720 3825 754 3876 de
765 3828 823 3877 Mo·
864 3839 956 3890 parare
968 3831 1065 3875 mentun
1077 3825 1198 3892 rapidos,'
1210 3828 1321 3877 eundern
1331 3843 1394 3878 errr-

296 3899 367 3948 sellae
390 3900 463 3949 slveo
485 3898 554 3950 inira
572 3901 713 3959 Treverim,
729 3903 756 3950 in
774 3917 824 3966 qur
864 3917 920 3951 sum
929 3902 1228 3966 reperere,transiusnin
1236 3905 1345 3955 alterum
1355 3907 1394 3956 al-

297 3975 360 4024 urbe
372 3974 476 4038 scripsit
488 3974 582 4039 Polite,
594 3976 719 4041 intelligit
728 3979 823 4027 Frelre·
864 3992 940 4028 verim
952 3973 1076 4044 ¹rqumum
1087 3987 1171 4044 parte.
1199 3981 1266 4044 Hoc,
1278 3981 1394 4046 inquam,

296 4064 348 4109 ms,
360 4056 389 4100 ut
398 4059 537 4116 componat
553 4067 611 4102 enm
624 4053 655 4102 iis
671 4068 730 4118 quse
742 4055 822 4119 Grep.
864 4055 972 4106 necesse
983 4072 1034 4107 non
1048 4058 1136 4122 habes,
1151 4074 1208 4110 enm
1220 4061 1308 4110 niveus
1326 4075 1393 4110 uun-

296 4125 450 4176 'Puronensis
466 4127 544 4178 habet
561 4128 608 4177 lib.
622 4143 663 4180 rr.
683 4129 716 4179 de
727 4130 823 4181 Mirer.
864 4146 939 4196 qurum
948 4133 1393 4198 arenisobdncatur,utsitvadosus.

296 4199 323 4250 S.
355 4202 463 4252 Martini
484 4219 542 4268 esp.
563 4208 604 4255 2⁹.
627 4205 670 4254 nbi
692 4205 823 4256 inducitur
895 4209 924 4256 tl
945 4207 1069 4271 stmulo]
1108 4209 1249 4262 ‘Remulos
1279 4211 1394 4264 trahere'
