3034 4878
304 326 368 422 era
772 370 926 420 eusouu

304 513 411 584 triviis
426 514 544 578 solitus
558 533 684 596 rogare.
727 514 759 578 3.
782 513 935 596 Jurglum
957 532 1036 596 ergo
1055 512 1179 597 inopiae
1206 513 1394 578 communis

305 617 513 682 aemulatione
527 615 725 694 conseritur,
740 616 828 698 quod
842 634 885 679 ex
899 616 1012 680 verbis
1025 616 1191 698 processit
1205 615 1248 680 ad
1263 634 1394 690 manus,

303 721 512 785 hortantibus
530 720 655 804 procis,
669 739 738 802 quo
752 719 859 800 magis
873 720 949 782 rixa
964 718 1186 796 crudesceret,
1201 718 1395 801 proposito-

304 841 370 906 que
384 822 522 904 praemio
536 821 666 904 caprini
682 822 805 885 ventris
818 818 975 883 omento.b
1001 819 1034 882 4.
1046 819 1165 884 Victor
1178 819 1280 900 igitur
1294 817 1395 882 Ulix-

305 943 355 1001 es,
371 923 566 988 seminecem
581 921 671 986 lrum
686 925 780 986 extre
791 919 932 1003 januum
948 920 1094 1004 projicit,
1114 920 1259 985 ridicula
1273 919 1395 984 adhor-

304 1025 451 1090 tationec
472 1024 688 1106 compellens.
733 1022 903 1105 Penelope
919 1023 1021 1086 etium
1036 1041 1171 1087 munera
1187 1021 1252 1085 sibi
1275 1040 1297 1084 a
1317 1039 1395 1104 pro·

305 1128 367 1203 cis,
389 1146 450 1208 pro
473 1125 597 1209 opibus
620 1124 795 1207 cujusque,
816 1122 966 1201 conferri,
985 1123 1186 1205 singulorum
1205 1122 1315 1186 studia
1334 1141 1394 1185 ex-

197 1271 200 1279 *
303 1228 446 1312 periens
462 1226 634 1310 deposcit:
657 1244 731 1309 quoe
746 1229 886 1302 mature,
909 1230 1025 1306 utpote
1040 1242 1060 1286 a
1076 1223 1295 1307 cupientibus,
1314 1224 1394 1287 olle·

304 1334 428 1393 runtur.

304 1495 422 1544 Exoritur
432 1495 510 1556 itaque
521 1492 576 1542 rixa
591 1507 622 1542 ex
632 1492 723 1542 inuidia
741 1507 809 1554 quarn
823 1506 868 1554 par
884 1497 975 1552 egestas
991 1493 1053 1540 inter
1068 1491 1395 1554 commemorantesque

305 1559 360 1608 rixa
371 1572 493 1622 progressu
507 1564 543 1606 est
553 1574 568 1607 u
584 1556 661 1606 ambis
671 1560 701 1605 ud
712 1557 816 1612 rubera,
826 1557 904 1618 praeis
914 1556 1083 1631 instigantibus
1099 1573 1146 1618 eas,
1156 1563 1183 1604 ut
1192 1557 1302 1618 jurgium
1317 1558 1395 1616 nangis

304 1627 492 1697 compararetur,
501 1627 525 1670 et
534 1622 653 1684 proposito
663 1623 731 1682 adipe
738 1621 828 1669 uentris
838 1635 913 1682 capre
924 1622 949 1669 ia
961 1636 990 1682 pr
990 1635 1083 1668 emaum
1094 1635 1189 1682 pagam.
1217 1621 1304 1681 Igitur·
1310 1621 1395 1670 Ulixes

304 1689 379 1736 rietur
394 1686 490 1749 expellit
505 1692 574 1736 extra
589 1687 676 1734 ostium
686 1685 751 1732 Irum
768 1686 950 1744 semimortuum,
964 1685 1081 1745 allopmas
1096 1701 1148 1732 earn
1161 1685 1324 1734 exhortatione
1334 1685 1394 1734 ridi-

304 1754 364 1800 cula.
391 1751 505 1814 Penelope
515 1765 602 1813 quoque
610 1751 671 1812 petit
681 1749 727 1798 sibi
737 1748 821 1826 afferri
831 1749 890 1796 dona
906 1747 935 1796 ab
947 1748 1090 1797 amatoribus
1101 1764 1151 1796 sues
1155 1751 1228 1810 Juxta
1239 1749 1367 1800 diritius
1345 1763 1393 1796 sen·

303 1817 420 1877 gaiorum,
433 1821 526 1864 tentans
535 1813 646 1877 affectum
655 1813 840 1876 uniuscuiusque,
849 1828 901 1874 qua
917 1814 1011 1876 onmem
1021 1811 1068 1861 silo
1085 1813 1273 1876 eubibeutumn
1244 1828 1296 1863 enm
1310 1813 1393 1862 uideli-

305 1885 341 1928 cet
351 1879 388 1928 illi
397 1879 465 1929 aolde
473 1878 572 1928 studiosi
582 1877 678 1928 essent
669 1877 751 1939 ipsius.

762 1991 766 1998 ·
798 1997 927 2064 norm,

336 2111 558 2178 bCaprirriuenlris
568 2110 670 2175 omento]
687 2111 828 2162 Omeutum
869 2111 1022 2174 esprurrrm.'

304 2197 344 2240 est
354 2188 500 2238 membrana
510 2185 612 2250 pinguis
623 2185 648 2234 in
657 2192 758 2247 ventre,
769 2200 828 2234 ven·
900 2187 1030 2236 cRidicula
1037 2188 1208 2251 adhortatione]
1219 2189 1253 2237 Ut
1261 2188 1292 2238 ad
1300 2188 1394 2238 ostium

305 2265 398 2315 triculo
409 2270 437 2311 et
450 2260 580 2311 intestinis
590 2262 761 2325 superposita,
780 2259 828 2308 lrrl·
868 2264 894 2312 in
922 2271 1054 2326 posterum
1077 2279 1135 2313 curn
1156 2265 1272 2330 scipione
1293 2265 1396 2328 sedens,

305 2351 388 2400 anoar,
399 2345 427 2387 et
442 2335 554 2386 telenum
564 2337 674 2386 Graecis.
700 2337 828 2390 Homerus
868 2339 1187 2404 caneretsuesabigeret.

304 2419 383 2468 habet
402 2415 444 2464 hic
463 2412 578 2476 γιιιτέρει
597 2413 676 2477 αἰγῶν,
701 2417 828 2465 ‘ventres

562 2663 750 2712 rnnrocua
767 2648 819 2712 19.
842 2664 1028 2713 noussen.
1072 2649 1139 2714 463

391 2780 439 2844 At
448 2791 541 2866 parte
555 2781 698 2845 interiore
712 2781 816 2846 domus
830 2792 957 2846 secretus
977 2781 1088 2846 Ulixes.

346 2913 379 2978 2.
401 2913 521 2978 Ulixes
536 2919 570 2979 el
583 2914 805 2978 Telemachus
823 2933 915 2978 erma
928 2915 1039 2979 omnia
1050 2915 1092 2978 de
1106 2913 1218 2978 medio
1233 2910 1392 2977 amoliun-

304 3019 367 3091 tur,
376 3016 488 3098 procis
502 3017 685 3098 perniciem
698 3023 951 3099 comparantes:
966 3016 1098 3099 nequid
1112 3023 1171 3080 aut
1184 3013 1392 3091 munimenti,

304 3120 363 3179 aut
377 3117 435 3180 teli
450 3116 698 3198 relinqueretur,
714 3117 770 3200 qui
785 3117 839 3180 vel
853 3135 968 3182 cavere
990 3118 1070 3194 vim,
1093 3116 1146 3180 vel
1171 3116 1289 3180 inferre
1311 3134 1394 3198 pos·

200 3218 203 3224 '
304 3221 386 3280 sent.
429 3215 462 3281 3.
484 3215 538 3281 Ad
555 3216 748 3300 Penelopen
761 3218 837 3282 1nde
852 3219 994 3283 accitu'
984 3219 1094 3309 rpsius
1115 3218 1241 3301 pergit:
1264 3217 1392 3298 ibique,

304 3325 342 3383 ut
356 3318 496 3382 Eumaeo
509 3317 649 3396 dixerat,
673 3318 859 3383 Cretensem
876 3335 912 3382 se
927 3338 1002 3383 esse
1017 3320 1178 3395 mentitur,
1193 3316 1395 3398 Ulixemque

303 3418 392 3499 apud
407 3438 444 3482 se
459 3419 581 3502 hospit'
572 3440 606 3485 ro
622 3402 823 3486 diversatum
838 3421 1111 3486 comminiscitur.
1154 3421 1188 3484 4.
1212 3417 1299 3482 Mox
1314 3437 1392 3481 curn

303 3519 501 3603 Euryclia
472 3539 543 3603 eJus
557 3522 678 3599 nutrix,
693 3523 873 3605 hospitalis
886 3521 985 3585 officii
996 3541 1107 3598 cerusa,
1118 3518 1266 3603 pedes
1236 3538 1309 3602 eJus
1323 3519 1393 3580 elu-

302 3625 380 3699 eret,
396 3625 488 3685 tactu
503 3640 621 3685 manus
644 3623 871 3688 animadvertit
894 3624 1100 3700 cicatricem,
1125 3640 1226 3704 quem
1250 3619 1393 3684 habebat

338 3799 423 3850 Verum
437 3800 521 3849 Ulixes
530 3801 651 3850 semotus
642 3816 667 3850 m
678 3802 832 3850 reconditiora
840 3806 908 3877 purte
919 3801 1013 3850 edium.

338 3864 422 3913 Uliser
431 3869 455 3912 et
468 3864 613 3914 Telemachus
629 3866 787 3914 machinantes
805 3865 904 3914 exitium
922 3865 1128 3928 praeuerterent
1144 3865 1222 3913 omniu
1232 3877 1297 3912 arma
1307 3864 1336 3911 ale
1346 3875 1392 3910 me·

302 3927 358 3976 dio:
374 3933 400 3976 nt
411 3929 497 3976 nullum
515 3935 643 3990 superesset
662 3929 695 3977 eis
709 3935 810 3991 tegmen,
822 3931 859 3978 uel
877 3931 948 3978 telum
949 3945 1012 3992 ,quo
1024 3929 1164 3990 possentoel
1181 3930 1317 3990 propulsare
1332 3927 1393 3974 ictus

301 3992 339 4039 sel
357 3991 474 4054 infligere.
500 3991 561 4041 Post
574 3992 596 4040 it
613 3995 644 4041 ad
654 3993 783 4055 Penelopen
802 3993 1020 4042 recommota.
1036 3999 1105 4056 utque
1121 3992 1289 4051 ibifabulutur
1304 4005 1329 4038 rs
1345 4004 1393 4037 esse

303 4056 438 4104 Cretensem
439 4056 750 4117 ,quemadmodumdieerut
767 4059 873 4116 Eumae,
884 4063 908 4104 et
918 4058 1034 4106 mentitur
1047 4057 1142 4105 Ulixem
1160 4056 1283 4104 divertisse
1293 4053 1392 4115 bospitio

303 4118 328 4165 in
339 4133 404 4166 suam
415 4121 513 4167 domum
543 4120 617 4167 Paulo
632 4125 685 4182 post
702 4135 753 4168 cum
764 4122 877 4184 Euryclia
887 4121 972 4169 nutrix
982 4121 1040 4183 ejus,
1049 4120 1123 4184 afficio
1135 4119 1265 4181 fungens'
1257 4134 1282 4167 sn
1291 4119 1392 4180 tespites

302 4181 398 4239 rasitata,
409 4183 498 4232 iuuaret
507 4185 575 4246 pedes
585 4183 660 4248 illins,
671 4185 784 4248 agnoscat,
801 4187 962 4235 conuectando
977 4200 1016 4234 eos
1026 4200 1105 4245 manu,
1116 4185 1257 4247 cicatricem
1268 4198 1335 4246 quam
1350 4181 1391 4230 ba·
