3026 4898
604 380 782 430 EDerLlA.

149 507 430 592 Pythagoreorum
445 515 542 600 periit
557 519 673 584 schola
688 521 788 586 docta
803 524 990 608 sophorum.

151 607 227 674 Hoc
243 617 390 680 metuens
402 617 512 699 igitur,
534 619 644 684 nullas
663 623 756 687 cole:
780 624 901 689 crimen
915 629 958 692 ob
974 629 1063 694 istud

147 708 269 774 Timon
283 712 446 780 Palladiis
461 717 541 780 olim
553 714 721 801 lapidatus
736 719 885 788 Athenis.

148 808 300 882 Dissidet
313 814 475 894 ambiguis
489 834 620 900 semper
634 837 727 883 mens
741 821 842 886 obvia
854 824 954 890 votis.

148 905 227 972 Nec
242 911 389 976 voluisse
403 914 526 979 homini
541 919 624 982 satis
638 924 705 983 est:
727 927 842 1004 optata
855 930 1000 990 recusat.

145 1007 234 1074 Esse
247 1011 282 1074 in
296 1011 419 1078 honoro
433 1016 561 1097 placet:
583 1038 662 1083 mox
677 1023 833 1102 poenitct:
852 1031 886 1089 et
899 1025 1062 1091 dominari
1153 1085 1157 1092 .

147 1109 197 1174 Ut
211 1111 333 1195 possit,
356 1116 478 1180 servire
491 1118 597 1183 volet:
619 1119 708 1186 idem
723 1129 842 1186 auctus
857 1123 996 1203 honore,

148 1210 292 1278 Invidiae
307 1214 473 1297 objicitur.
516 1218 651 1283 Pernox
665 1225 718 1283 est
732 1240 814 1286 cura
827 1222 974 1290 disertis:

147 1312 217 1377 Sed
232 1312 323 1384 rudis
336 1320 453 1380 ornatu
470 1317 548 1382 vitae
564 1324 663 1383 caret.
708 1319 788 1384 Esto
803 1329 974 1405 patronus,

148 1411 191 1476 Et
206 1412 344 1479 defende
358 1433 451 1481 reos:
475 1417 536 1480 sed
550 1418 658 1501 gratia
670 1438 745 1484 rara
760 1421 900 1488 clientis.

146 1511 230 1578 Esto
245 1515 367 1580 cliens:
390 1519 497 1599 gravis
512 1518 642 1602 imperii
656 1539 799 1602 persona
813 1525 957 1604 patroni.

146 1611 315 1678 Exercent
326 1614 414 1679 hunc
429 1624 512 1680 vota
525 1616 678 1682 Petrum:
701 1639 780 1683 mox
797 1637 916 1703 aspera
930 1623 1018 1686 curis

146 1712 329 1778 Solicitudo
344 1715 450 1779 subit:
473 1718 698 1781 contemnitur
712 1720 794 1783 orba
809 1727 974 1798 senectus,

145 1813 192 1876 Et
206 1816 387 1896 captatoris
401 1816 517 1899 praeda
531 1824 582 1882 est
595 1818 737 1882 haeredis
751 1838 880 1901 egenus.

144 1912 259 1978 Vitam
274 1935 395 1998 parcus
410 1935 508 1998 agas:
524 1918 614 1984 avidi
628 1920 816 1983 lacerabere
829 1912 928 1984 fama.

146 2013 192 2079 Et
205 2015 391 2098 largitorem
406 2018 539 2099 gravius
553 2038 694 2083 censura
709 2020 847 2084 notabit.

144 2192 238 2242 erudito
254 2193 332 2243 oehoio
349 2195 542 2258 Philosophorum
596 2196 757 2258 thogoreorum
775 2195 846 2258 periit
864 2196 891 2244 ob
909 2197 936 2246 id
952 2197 1048 2246 crimea.
1082 2196 1166 2260 ltooue
1186 2195 1228 2246 boe

144 2256 231 2306 timeae
247 2258 322 2305 uuiiuu
337 2257 455 2308 amicitiae
470 2273 566 2308 exerce.-
607 2259 612 2270 '
682 2259 777 2307 obuius
795 2265 829 2308 est
844 2262 958 2322 quondum
975 2261 1002 2310 ob
1019 2261 1045 2308 id
1062 2261 1150 2308 odmen
1165 2260 1228 2322 oprod

144 2319 249 2368 Atheon
259 2321 376 2370 Minerua
386 2335 472 2370 meroe.
504 2322 606 2371 Animae
622 2322 668 2370 sibi
681 2328 792 2384 perpetuo
809 2324 941 2386 contrarius
954 2324 1051 2373 incertia
1060 2323 1228 2384 cupiditatibus

142 2381 263 2432 diuam
270 2398 355 2433 seeum.
391 2385 475 2447 Neque
485 2386 571 2497 augei)
581 2385 669 2434 homini
676 2386 799 2446 optarim.
826 2386 927 2448 Respuit
937 2389 997 2449 quod
1007 2383 1136 2447 optulerat.
1151 2387 1227 2434 Juout

143 2459 197 2494 aaut
212 2448 366 2508 magistratus
380 2461 475 2508 geuene.
537 2448 596 2497 otim
610 2448 707 2510 poeoitet
722 2463 783 2498 eum.
816 2448 894 2512 Atque
904 2455 931 2498 ut
939 2451 1013 2512 posuit
1024 2450 1148 2511 imperare,
1157 2449 1232 2498 etiam

144 2508 249 2558 animum
265 2512 407 2574 uppelietod
420 2511 573 2561 miordum
605 2511 681 2572 Idem,
696 2526 749 2560 eum
763 2514 870 2574 pervenit
887 2514 918 2561 ud
936 2514 1100 2574 magistratum
1118 2513 1229 2574 aliqum,

144 2573 200 2622 telio
206 2578 273 2636 putet
289 2574 392 2623 incidie.
427 2574 475 2630 Qui
485 2577 579 2624 eadm
595 2575 740 2637 eiopumtm,
751 2576 838 2624 coibiti
855 2581 912 2625 suat
927 2582 1005 2626 nomeu
1024 2581 1092 2638 otuu
1111 2576 1178 2624 dieu
1203 2577 1229 2622 ut

144 2637 321 2698 muitum
331 2638 395 2686 ducit
406 2637 541 2698 iugbriom·
565 2637 685 2687 Patronus
691 2643 750 2700 aeto,
758 2645 782 2688 et
790 2638 886 2698 defende
893 2645 1029 2688 monetote
1044 2652 1124 2686 emm
1134 2639 1229 2688 clienter

145 2713 201 2748 roro
209 2700 276 2762 groti
284 2704 338 2748 aaut
348 2702 374 2748 ia
383 2707 515 2763 paeonum.
546 2701 680 2750 mettas.-
694 2716 792 2763 pereorur
799 2701 894 2763 potrum
904 2702 949 2750 tibi
956 2700 1073 2750 ematur
1082 2699 1229 2748 intolerando

142 2762 173 2810 ob
183 2764 326 2812 mutamur
334 2779 400 2825 quem
411 2763 437 2812 iu
448 2769 472 2812 te
481 2764 606 2814 exercebit.
638 2764 688 2812 Hie
697 2765 825 2830 preficitur
831 2764 900 2813 rebus
912 2764 1011 2825 ugendb
1020 2761 1145 2825 mfflugiie
1155 2761 1230 2810 Serru-

144 2831 229 2876 torum.
262 2827 367 2888 Repente
385 2842 441 2876 euru
461 2829 558 2878 mondo
574 2826 694 2876 oaxbtote
712 2832 822 2889 penetrat
843 2828 893 2888 eiua
910 2828 1021 2876 animm.
1052 2825 1130 2874 Senex
1148 2825 1229 2897 iubere

145 2904 227 2938 eureus
242 2891 369 2953 spernitur,
379 2896 403 2939 et
421 2891 462 2956 qui
474 2905 519 2938 uon
527 2890 596 2940 hebet
606 2890 760 2954 boeredemfit
769 2892 850 2952 predo
859 2890 986 2951 captatoris
996 2887 1167 2960 haereditatum.
1199 2885 1229 2933 Su

145 2952 212 3003 moes
227 2967 314 3018 poree5
337 2953 451 3002 ioborobio
467 2954 576 3003 condic
596 2952 705 3015 infamio.
743 2952 791 3001 Sed
811 2953 832 3000 oi
846 2953 896 3015 fios
913 2953 1001 3016 bow,
1021 2963 1153 3015 magma
1173 2954 1230 2998 noto

602 3093 616 3112 θ
619 3091 778 3112 ennoean

147 3194 201 3243 his.
212 3193 301 3243 codice
311 3191 408 3241 Pollius
419 3205 467 3256 pro
477 3191 555 3255 oupioe
570 3197 594 3240 et
606 3181 648 3254 od,
668 3189 735 3255 quod
750 3196 791 3239 ost
804 3191 832 3239 in
842 3189 1034 3254 vurmatia-lb
1048 3189 1131 3237 Vetus
1147 3186 1228 3236 liber:

145 3257 228 3319 mab
241 3257 420 3319 imperta-047
437 3255 472 3305 At
488 3256 504 3302 i.
522 3253 657 3319 legendum
676 3262 763 3305 monet
782 3253 916 3304 Gravius:
935 3259 962 3302 et
981 3253 1017 3303 sic
1032 3251 1155 3302 exhibent
1171 3249 1230 3301 edd.

635 3377 746 3430 NOTAE

147 3475 197 3525 tati
208 3489 261 3524 uuae
273 3475 482 3524 etotamicorum
494 3474 560 3524 inter
572 3488 599 3524 se
611 3487 671 3524 eoo·
710 3479 738 3524 et
756 3471 872 3536 pernox!
904 3471 936 3520 Irr
955 3476 1044 3521 uetere
1056 3469 1232 3530 Onomastico,

145 3550 288 3612 spiratione
307 3549 465 3612 metuebant,
489 3548 569 3599 fuisse
590 3549 670 3598 iuter·
709 3547 820 3596 Perdlus
843 3543 992 3609 πανημέριον
1019 3546 1124 3594 Pernox
1149 3540 1234 3592 eorvi-

149 3624 255 3676 tectum.
708 3639 770 3685 xeos.

180 3705 212 3751 tt
239 3702 333 3764 limos]
361 3700 524 3766 Μισάνθρωπος
545 3701 598 3763 iile,
624 3714 671 3752 seu
740 3700 772 3744 45
790 3695 938 3758 Cuptotorie]
953 3697 995 3745 De
1013 3692 1157 3758 huJuumodi
1175 3706 1235 3778 cap·

148 3779 391 3829 hominumexouor.
422 3779 507 3842 Hujus
518 3776 634 3826 meminit
644 3777 670 3825 in
711 3771 836 3822 tatoribus
855 3784 942 3822 uenum
959 3769 1089 3831 urbemn,
1114 3767 1233 3852 inhient}-

148 3852 286 3903 rllelbiede
303 3853 468 3914 Plutarchus,
484 3859 512 3902 et
529 3851 609 3902 fusius
628 3851 671 3900 ad·
711 3849 757 3898 boa
768 3849 857 3897 aliena
874 3845 1030 3907 hereditati,
1047 3844 1105 3894 vide
1116 3841 1233 3894 Petrouri

147 3929 234 3979 hucin
246 3929 368 3978 Antonio.
400 3925 575 3992 lapidationis
586 3932 673 3976 tomen
710 3925 855 3989 Satyricon,
870 3922 913 3971 ubi
922 3922 956 3971 de
968 3921 1096 3979 Crotone;
1112 3924 1139 3967 et
1150 3917 1234 3966 Hora·

148 4005 224 4068 huJuu
234 4018 285 4054 uon
296 4003 420 4054 meminit.
712 4001 742 4049 tii
759 4000 815 4048 Sat.
824 4002 850 4048 t.
863 3997 950 4051 iihurr.
962 4010 1018 4060 qua
1030 3993 1137 4057 incipit:
1154 3991 1162 4020 ‘
1174 3990 1232 4043 Hoc

182 4073 215 4129 '89
231 4079 341 4142 Poura]
363 4080 415 4129 Per
441 4083 542 4127 noctem
570 4074 672 4125 durana.
712 4071 937 4141 qaoqueTiresia.'

145 4156 192 4214 die
202 4155 272 4220 apud
283 4153 421 4222 Apuleium
437 4159 550 4204 nostrum
565 4151 673 4215 ‘perdia
