3016 4894
550 391 809 442 ECLOGARlUM·

420 646 468 692 un
492 647 616 696 rnnrrs
641 649 823 698 nouantur
865 631 932 698 385

131 773 247 840 Nunc
262 783 297 840 et
311 773 506 860 Apollineos
521 779 679 844 Tiberina
692 802 752 864 per
766 783 854 846 ostia
867 783 977 860 ludoS,

127 907 131 914 ·
176 877 222 940 Et
236 877 478 960 Megalesiacae
492 882 606 945 matris
621 887 735 965 operta
748 883 879 966 loquar.

131 977 344 1062 Vulcanique
360 981 432 1046 dies
448 980 606 1046 Autumni
621 983 762 1046 exordia
775 983 885 1067 primi,

177 1081 474 1166 Quinquatrusque
490 1083 575 1148 Deae
592 1082 754 1147 Pallados
770 1084 968 1167 expediam:

132 1183 178 1248 Et
191 1182 318 1246 medias
331 1182 426 1260 Idus,
443 1183 529 1247 Maii
543 1180 756 1267 Augustique
771 1205 921 1264 recursu,

178 1281 274 1360 Quas
286 1283 353 1346 sibi
368 1281 568 1364 Mercurius,
585 1303 737 1368 quasque
752 1287 866 1352 Diana
881 1288 984 1352 dicat.

165 1479 310 1530 Jumdicarn
329 1485 351 1529 el
371 1482 437 1530 ludus
450 1481 609 1545 Apollinares,
621 1483 663 1547 qui
671 1483 776 1548 flantia
794 1483 862 1533 ostiis
881 1483 982 1547 liberis,
993 1489 1017 1534 ei
1032 1489 1227 1548 secranmagnoe

133 1544 227 1592 Matris
247 1545 360 1594 Deorum.
394 1546 429 1594 Et
448 1546 568 1608 explicabo
585 1549 636 1596 dies
649 1547 727 1606 sertor
741 1549 852 1610 Vulcano,
867 1551 907 1611 qui
922 1554 977 1598 sunt
993 1549 1091 1598 initium
1109 1549 1228 1600 Autumni

131 1607 277 1671 incipientis,
293 1614 318 1657 et
340 1609 502 1672 Quinquatrus
522 1611 582 1659 Dec
599 1611 733 1660 Mineruae:
749 1617 774 1661 et
793 1613 852 1661 Idus
870 1613 960 1661 inedias
979 1614 1102 1662 redeantes
1119 1614 1186 1662 Maia
1202 1621 1227 1664 et

132 1671 242 1734 Augusto
260 1673 419 1736 redeuntibus,
439 1689 497 1737 quas
507 1675 652 1738 Mercurius,
660 1679 684 1724 et
706 1690 763 1739 quus
774 1676 858 1726 Diana
873 1676 919 1725 sibi
935 1681 1077 1727 consecant.
1112 1678 1227 1734 Quancrn

626 1821 733 1872 NOTAE

167 1928 207 1978 De
218 1929 378 1992 Feriis]Hoc
389 1938 441 1995 est,
452 1933 545 1984 Fertis.
703 1947 752 1998 per
770 1948 834 1998 quos
854 1935 1043 1997 celebrabatur,
1063 1948 1168 1986 numero
1189 1937 1228 1988 sic

170 2004 347 2068 lApollineos]
372 2008 461 2058 Ludos
488 2009 663 2072 Apollinares,
703 2009 811 2059 dictum.
832 2009 966 2059 celebrari
976 2009 1136 2072 incipiebant
1147 2011 1228 2062 Quin-

136 2095 170 2130 ex
191 2081 312 2130 Carmine
330 2083 417 2132 Marci
436 2085 522 2147 Vatis,
537 2085 663 2148 perplexo
704 2089 809 2146 quattus
828 2097 886 2132 xrs.
911 2083 971 2133 Kal.
993 2082 1100 2146 Aprilis,
1119 2085 1163 2147 qui
1186 2089 1227 2135 19.

136 2156 272 2219 scripturae
284 2171 378 2220 genere
395 2160 663 2223 concepto,rictoriae
703 2159 794 2208 Martii
820 2158 876 2207 dies
893 2164 944 2221 est,
966 2163 994 2207 et
1014 2173 1052 2207 eae
1074 2159 1229 2210 dicebantur

136 2230 171 2280 de
181 2229 297 2280 hostibus
308 2232 471 2295 reportandae
483 2247 546 2297 ergo
557 2233 662 2284 institu-
703 2235 831 2298 Majorcs;
840 2247 898 2284 narn
907 2233 962 2284 aliae
972 2240 1047 2284 erant
1054 2235 1229 2300 Quinquatrus

136 2314 187 2358 tos.
219 2308 262 2356 De
275 2307 315 2356 his
331 2308 391 2358 ride
413 2310 515 2360 livium
535 2311 581 2362 lib.
592 2323 662 2363 xxv.
703 2311 857 2361 Minusculse
879 2311 970 2360 Idibus
988 2310 1076 2374 lunii,
1091 2311 1228 2360 tibicinum

137 2388 166 2432 et
184 2381 272 2431 Rosia.
290 2383 380 2447 Anth.
401 2385 474 2436 Rom.
493 2386 538 2435 lib.
557 2401 583 2436 v.
605 2397 662 2451 cap.
703 2380 809 2437 fertum.
832 2388 915 2436 Varro
936 2386 982 2436 lib.
993 2401 1020 2436 v.
1038 2386 1071 2435 de
1081 2386 1170 2449 lingue
1181 2388 1229 2437 Ira·

137 2462 179 2507 li.
191 2457 224 2506 ad
235 2471 279 2506 111.
298 2459 364 2509 Non.
373 2460 503 2511 Quintiles
514 2466 612 2511 statuta
622 2467 663 2511 est
703 2461 774 2509 tina:
791 2462 983 2526 ‘Quinquatrus
991 2461 1230 2512 Minuscnlaedictae

136 2534 255 2584 ludorum
272 2533 375 2585 illorum
390 2536 457 2599 dics,
468 2552 526 2602 qnae
543 2538 614 2601 prins
625 2538 663 2588 in·
702 2535 788 2586 Junire
809 2537 883 2600 Idus,
902 2537 936 2586 ab
954 2536 1124 2588 similitudine
1145 2538 1229 2601 Majo-

138 2619 215 2662 certe
225 2616 291 2660 eret.
703 2626 769 2673 rum,
779 2612 849 2676 quod
866 2611 985 2662 tibicines
1002 2618 1057 2662 turn
1073 2611 1163 2664 feriati
1183 2628 1231 2678 per

169 2691 187 2736 A
202 2687 368 2748 Megalesiacis
378 2689 463 2738 matris
470 2689 563 2752 operm]
575 2688 663 2740 Ludos
703 2686 792 2735 urbem
811 2694 948 2749 vagentur,
965 2692 994 2735 et
1018 2689 1175 2736 conveniunt
1197 2687 1231 2736 ad

137 2761 311 2824 Megalenses,
327 2762 429 2813 Graecis
447 2763 614 2828 μεγαλησίουι,
637 2765 664 2814 in
704 2761 786 2810 aedern
795 2760 940 2811 Minervae?
971 2761 1230 2814 SimiliahebetFes·

139 2837 250 2901 Cybeles
268 2852 367 2902 magna
390 2840 504 2890 Deorum
520 2842 664 2891 matrisho·
705 2844 756 2886 tus.

138 2928 229 2962 norem
250 2914 392 2978 institutos,
412 2929 471 2965 cum
487 2931 519 2966 ea
537 2917 571 2966 ab
599 2916 662 2967 urbe
735 2911 826 2971 oldus,
837 2910 1024 2965 Maii...Quas
1033 2909 1232 2973 sibiMercurius,

138 2989 295 3040 Pessinunte
306 2991 412 3040 Romam
424 2999 466 3042 est
477 2993 595 3042 admon,
627 2991 664 3042 nt
703 2985 756 3048 qa]
764 2985 825 3033 Idus
836 2984 904 3033 Maii
913 2982 996 3034 festus
1006 2985 1123 3034 eratdies
1135 3000 1231 3034 merca-

139 3078 188 3128 per
204 3062 260 3114 dies
276 3077 322 3119 m
333 3080 533 3131 magnapompa
549 3067 665 3117 celebra.
705 3066 799 3121 torum,
820 3059 890 3124 quod
912 3074 943 3110 eo
965 3058 1007 3109 die
1026 3061 1150 3110 Mercurii
1160 3060 1230 3111 aeder

139 3141 236 3192 bantur
254 3141 281 3190 in
299 3142 410 3204 Palatio,
430 3158 446 3192 a
464 3144 548 3207 pridie
565 3143 667 3194 scilicet
706 3137 830 3185 dedicata
847 3142 924 3186 esset.
957 3137 996 3186 Eo
1017 3135 1086 3185 diee
1107 3136 1234 3185 Mercurii

139 3215 230 3266 Nonas
245 3215 351 3280 Apriles
370 3217 404 3267 ad
422 3232 448 3268 v.
466 3218 529 3269 Idus
550 3219 666 3282 ejusdem
706 3214 780 3264 fonte
792 3215 825 3264 ed
841 3221 942 3278 portam
959 3215 1090 3279 Capenam
1106 3223 1232 3280 mercato·

139 3292 246 3342 mensis.
402 3345 408 3352 ,
707 3305 750 3340 res
770 3289 947 3354 aspergebant
966 3305 994 3340 se
1016 3291 1103 3340 laureo
1126 3292 1231 3342 termite

175 3366 276 3431 Operta]
285 3368 376 3433 anue
383 3368 541 3433 turpissima.
558 3372 602 3420 De
613 3370 667 3436 qui·
707 3366 837 3428 immerso,
855 3371 886 3414 ut
897 3365 945 3414 sibi
954 3365 1070 3432 perjuria
1087 3367 1233 3418 Mercurius

140 3442 190 3492 bus
210 3442 271 3492 vide
288 3443 322 3493 D.
335 3441 508 3507 Augustiuum
527 3445 573 3496 lib.
583 3460 615 3496 11.
634 3445 667 3494 de
707 3442 864 3505 remitteret,
885 3447 912 3490 et
933 3441 1080 3490 uberiorem
1107 3451 1233 3506 quaestum

142 3518 258 3568 Ciuitate
269 3519 420 3583 helcana.
515 3540 517 3544 ·
708 3516 862 3567 fortunaret.
894 3516 956 3566 Vid.
978 3516 1055 3566 Ovid.
1074 3516 1154 3567 tina
1172 3518 1234 3568 Fas·

175 3599 190 3643 8
211 3593 354 3658 Vulcanique
369 3596 428 3660 dies,
448 3596 502 3660 tra]
517 3597 669 3648 vulcanalia
709 3599 803 3645 torum.
821 3593 920 3644 Eodem
934 3595 1014 3643 etiem
1030 3593 1072 3643 die
1088 3593 1233 3656 Argeorum

141 3671 169 3720 in
185 3671 298 3722 Vulcani
315 3672 438 3722 bonorem
448 3673 574 3730 celebrari
591 3672 669 3723 solita
708 3669 955 3732 scirpeesimulacra
971 3674 998 3718 et
1009 3669 1098 3719 oscilla
1109 3670 1141 3717 de
1153 3676 1233 3733 ponte

142 3748 445 3811 menseAugurto‚teste
465 3749 607 3799 Columella
623 3748 667 3797 lib.
708 3747 824 3796 Sublicio
848 3760 896 3810 per
918 3745 1037 3808 Virgines
1060 3746 1179 3794 Vestales
1206 3745 1234 3794 iu

143 3837 176 3873 ιι.
197 3822 232 3875 de
253 3824 292 3873 Re
312 3824 434 3888 Rustica,
450 3837 478 3874 x.
492 3824 592 3882 scilicet
606 3824 667 3872 Kal.
709 3823 821 3874 Tiberim
834 3821 1062 3885 praecipitabantur
1074 3821 1218 3885 quotannis.

143 3900 279 3963 Septemb.
312 3900 352 3950 Eo
369 3901 412 3951 die
429 3899 671 3965 populnrauirnelie
741 3903 758 3948 o
785 3900 895 3962 Quasque
916 3898 1000 3948 Diana
1018 3898 1095 3960 duat]
1121 3897 1234 3960 Augusti

144 3977 264 4040 proreta
277 3976 364 4040 iguem
375 3976 506 4042 mittebat,
515 3981 585 4027 teste
595 3978 670 4026 Vnrr.
709 3975 771 4025 Idus
793 3976 890 4024 Dianae
910 3989 1000 4025 sacrae.
1030 3976 1110 4024 Mart.
1127 3973 1173 4022 lib.
1183 3987 1234 4026 xrr.

144 4043 479 4114 lib.v.deliugueLntine.
710 4051 785 4114 Epig.
807 4063 907 4102 uxvrrr.
951 4049 1048 4100 ‘Maiae
1072 4051 1233 4103 Mercurium

178 4132 194 4177 4
212 4127 430 4192 Quinquatrusque]
445 4131 481 4179 Et
499 4129 672 4194 Quinquatria
709 4127 819 4177 creastis
831 4127 900 4178 Idus.
932 4125 1055 4188 Augustis
1062 4126 1133 4176 redit
1143 4127 1234 4182 Idibus

146 4201 263 4254 Palladis
281 4203 377 4254 fertum
394 4219 410 4254 a
429 4205 541 4270 quinque
563 4205 671 4268 dierum,
709 4201 814 4253 uisne:
846 4203 885 4254 lio
905 4199 948 4250 die
967 4199 1086 4252 mulieres
1098 4203 1151 4252 uoti
1163 4203 1233 4258 dam·

215 4283 306 4347 Delpb.
315 4289 340 4334 et
355 4284 413 4336 Ver.
424 4286 488 4335 clus.
650 4285 740 4336 Auscu-
1120 4287 1136 4332 a
1153 4285 1169 4334 8
