3000 4882
577 353 775 404 uersuum.

129 492 273 559 Occidui
288 512 341 558 me
353 493 428 578 ripa
439 492 535 576 Tagi,
549 514 602 558 me
617 494 748 560 Pnnioa
762 496 856 562 laedit

128 595 285 672 Barcino,
299 614 353 660 me
365 596 505 660 bimaris
514 597 598 680 juga
610 598 767 679 ninguida
783 599 947 682 Pyrenaei.
1207 659 1211 666 .

127 695 286 779 Quaeque
298 715 361 761 suo
375 697 475 778 longe
487 697 609 762 dirimit
622 699 794 780 provincia
808 703 917 764 tractu
1147 705 1216 790 δ70

126 797 236 861 Trans
251 802 393 875 montes,
408 797 588 880 Solemque
602 796 717 875 abnm,
735 801 977 864 transflumine
991 807 1023 867 et
1038 803 1146 881 nrbes,

127 897 174 962 Et
186 898 276 980 qnod
290 904 456 976 terrarum,
476 899 619 982 coebque
633 899 822 964 extenditur
835 901 918 964 inter

127 997 346 1063 Emeritensis
359 997 456 1076 Anae,
471 999 614 1083 lataeque
627 1000 748 1064 fluento
763 1001 950 1068 Garumnae.

129 1097 234 1176 Quod
248 1099 279 1162 si
292 1099 477 1164 intervallis
492 1102 637 1182 spatium
652 1102 826 1166 tolerabile
839 1102 934 1167 limes
1180 1161 1181 1166 ,

128 1200 274 1264 Poneret
287 1200 448 1282 exignns3
470 1198 642 1285 (quumvis
656 1201 758 1285 longa
771 1203 886 1266 omnia
898 1203 1044 1281 credant,
1119 1253 1125 1266 .
1172 1207 1216 1270 75

128 1298 200 1377 Qui
215 1300 314 1364 simul
328 1319 403 1365 esse
418 1299 568 1384 volunt;)
588 1301 713 1368 iaceret
727 1310 839 1367 tamen
853 1304 930 1386 ipsa
943 1305 1151 1388 propinquos

129 1401 220 1466 (lura
234 1402 342 1478 locos,
356 1401 477 1466 mediis
486 1401 629 1485 jungens
644 1402 803 1468 distantia
818 1405 941 1483 verbis,

129 1501 304 1566 Moenibus
320 1503 469 1587 epatriis
484 1503 623 1568 formam
639 1523 771 1587 quoqne
786 1506 892 1570 vestis
908 1511 941 1570 et
953 1505 1032 1570 oris.

132 1701 199 1762 Ripa
210 1701 271 1762 Tagi
281 1702 403 1765 Hesperii,
419 1702 525 1752 Barcino
538 1702 752 1764 Carthaginiensis,
762 1709 786 1751 et
796 1705 916 1753 aeramine
926 1704 1007 1753 ariasso
1016 1705 1126 1768 Pyrenaei
1136 1707 1221 1755 mostis

130 1767 218 1814 uddno
228 1767 304 1814 moda
313 1768 462 1829 pertineatis,
480 1781 550 1816 enam
563 1769 619 1815 sant
628 1768 675 1815 arei
691 1769 786 1816 doloris.
820 1768 855 1815 Et
877 1768 998 1830 merismu
1008 1783 1060 1831 φη
1071 1783 1111 1817 uos
1126 1775 1220 1831 meret

129 1830 213 1892 preest
222 1843 263 1876 sao
273 1831 350 1891 petis
359 1832 423 1879 elba
437 1837 535 1890 montes,
545 1835 568 1878 et
578 1831 649 1878 elium
660 1829 747 1892 Soteira
763 1831 929 1894 altruflueios,
940 1837 963 1882 rt
973 1832 1067 1894 oppidu,
1077 1837 1100 1880 et
1110 1832 1221 1896 quieuit

132 1897 207 1941 sm
216 1907 245 1940 uc
254 1894 307 1942 eseli
316 1895 430 1956 panditur
439 1895 503 1944 ister
521 1909 594 1956 equus
610 1892 671 1942 aaa
688 1895 852 1957 Emeritensis,
869 1901 893 1944 st
911 1897 967 1944 tutas
983 1897 1117 1945 Guium.
1152 1897 1220 1952 Qasr

131 1957 156 2003 si
166 1956 242 2004 benis
250 1957 365 2006 innuens
374 1959 525 2008 cantitaeret
534 1958 683 2006 istewultaes
694 1959 812 2007 tolerubile
822 1963 908 2007 sortroe
917 1959 1055 2017 dr'atarstits,⁸
1073 1959 1139 2022 (licei
1149 1960 1169 2007 a'i
1179 1960 1221 2021 qai

131 2019 230 2081 espirest
241 2033 289 2068 aso
303 2035 360 2080 esse,
378 2022 513 2071 existimem
528 2022 607 2084 apetie
624 2026 707 2070 essm
722 2023 793 2070 sissia
808 2024 878 2083 leriga
885 2022 907 2086 ,·)
923 2024 975 2084 ipsa
984 2027 1061 2071 irrues
1072 2037 1129 2071 cam
1140 2028 1221 2071 uostre

88 2133 91 2138 ,
132 2085 241 2131 redderet
250 2084 327 2132 musa
338 2085 387 2133 toea
398 2085 424 2134 iss
434 2085 516 2148 quibus
523 2099 633 2144 emmas,
642 2089 777 2134 comum
786 2101 828 2148 aps
835 2084 957 2134 animam
966 2101 995 2135 eu
1002 2101 1052 2148 ques
1060 2091 1149 2134 remota
1157 2086 1221 2134 ister

132 2160 159 2194 se
166 2153 254 2210 essm,
270 2154 340 2211 utque
357 2149 429 2198 etiarn
445 2151 566 2198 osteadens
575 2149 674 2197 iaaiasm
682 2163 696 2196 e
705 2149 780 2198 Μία
788 2150 876 2198 suabia
889 2149 977 2213 patriis
987 2149 1092 2208 smmum
1102 2149 1182 2212 amis,
1197 2154 1220 2198 et

584 2306 763 2328 ΙΟΝΝΝΝΟΙ

130 2405 330 2470 transpositione
346 2413 373 2456 et
384 2406 536 2457 lectionibus
547 2420 665 2458 versuum
684 2409 844 2473 sequentium
856 2409 888 2458 sd
898 2408 1112 2473 septuagesimum
1124 2420 1220 2456 nonum

621 2545 730 2596 NOTAE

165 2655 197 2705 67
215 2651 438 2718 Eoi...asorsstrs]
464 2656 587 2721 Ejusdem
605 2659 658 2708 Ne·
729 2664 762 2708 70
779 2659 1029 2724 Quoepael'roaisein]
1047 2655 1182 2722 Hispania.

131 2745 233 2780 moseos
245 2731 353 2794 ultricis,
367 2738 394 2781 et
406 2740 554 2782 monstrosae
567 2749 597 2783 ac
607 2741 659 2784 ter·
729 2738 760 2783 73
779 2737 935 2784 Emeritensis
944 2735 1016 2799 Aue]
1036 2735 1080 2784 Sic
1092 2733 1222 2786 Heinsius.

133 2806 216 2855 ribilis
234 2808 310 2868 Deae,
328 2807 353 2855 in
376 2807 480 2858 Graecia
499 2817 528 2857 et
549 2808 659 2858 Oriente
699 2807 770 2857 Anas
783 2809 916 2871 Hispanis
927 2808 1029 2869 florina,
1041 2809 1177 2870 Gaudiano,
1188 2809 1221 2856 ad

133 2881 340 2944 primumeultre.
699 2897 775 2948 quesn
793 2883 855 2932 urbs
874 2890 915 2933 eat
931 2883 1072 2948 antiquitus
1083 2883 1224 2932 clarissima

167 2960 199 3006 68
217 2957 317 3007 Oeeidai
334 2973 370 3008 me
386 2959 439 3021 ripn
460 2960 529 3024 Tagi,
545 2960 598 3024 tre]
616 2962 659 3012 De
700 2959 817 3023 Augusta
839 2960 963 3021 Emerita,
980 2973 1049 3008 nuno
1068 2959 1173 3022 Meridu,
1190 2957 1222 3007 de

133 3032 261 3096 Hispania
282 3033 331 3082 sibi
357 3035 514 3098 querendum
536 3049 592 3084 esse
614 3036 659 3098 ait,
699 3036 1056 3101 qnscarmenrx.declaris
1066 3035 1190 3085 Urbibus.

134 3121 193 3172 quae
216 3107 265 3160 sibi
286 3112 339 3156 turn
359 3109 496 3158 Paulinum
517 3110 659 3163 detinebat.
732 3115 764 3161 77
781 3111 871 3159 Mediis
884 3111 988 3172 jeamena
1005 3110 1120 3159 distratie
1135 3109 1225 3173 entia]

135 3181 269 3232 Ocelduus
296 3183 393 3233 dieitur
419 3185 504 3248 Tagus
526 3185 659 3249 Hispaniae
699 3188 765 3236 Post
782 3188 835 3236 hee
850 3186 937 3250 verbe,
953 3186 1108 3250 interposite
1124 3191 1225 3234 tantum

133 3259 235 3326 fluvius,
256 3262 285 3311 in
307 3260 505 3312 occidentalem
528 3262 661 3313 Oceanum
699 3263 805 3327 virgula,
816 3262 940 3326 subjungo
951 3259 1225 3310 versumr‘Moenibns

133 3339 254 3391 influens.
701 3354 716 3389 e
728 3339 819 3403 patriis
830 3336 915 3387 forsan
926 3349 1028 3401 quoque
1036 3334 1115 3385 vestis
1123 3339 1150 3383 et
1158 3332 1226 3395 oris,'

167 3416 261 3464 Punice
271 3416 338 3466 loedit
349 3415 465 3479 Barcino]
487 3415 555 3466 Urbs
567 3414 661 3478 Hispa·
701 3420 738 3478 et,
747 3413 871 3476 neglectis
879 3411 987 3461 aliorum
996 3408 1226 3470 emendationibus,

135 3490 187 3540 nire
194 3491 392 3541 Tarraconensis
401 3492 434 3540 ad
444 3490 662 3542 Mediterraneum
702 3489 840 3552 proferena
849 3501 945 3550 repono
956 3485 1070 3549 sormam,
1086 3491 1115 3534 ut
1125 3484 1161 3533 sit
1169 3497 1226 3533 sen·

135 3566 347 3630 maru'si’oenia
359 3565 513 3630 Hispaniam
524 3566 663 3616 obtinenti·
703 3579 755 3623 sus,
771 3577 847 3627 quern
865 3562 891 3612 in
909 3561 1130 3626 Interpretatione
1146 3572 1226 3623 expo·

136 3633 312 3698 husuardus,
328 3648 358 3690 ut
367 3642 408 3691 hic
420 3642 491 3691 locus
502 3640 619 3698 Ausonii,
636 3648 664 3691 et
704 3640 752 3689 sui.

134 3715 220 3778 ipsum
253 3715 407 3766 Barcinonis
438 3731 532 3767 nomeu
558 3717 664 3768 indicat.
726 3717 759 3766 78
771 3713 957 3778 Marathoussa]
968 3711 1076 3761 Versum
1085 3711 1227 3772 hune,loeo

136 3790 290 3840 ‘Barcino’
311 3791 419 3856 qnippe,
440 3806 485 3842 seu
502 3791 666 3854 'Barchino,'
703 3797 810 3853 motum,
819 3791 934 3841 sedisuoe
942 3786 1052 3846 restitui,
1059 3800 1151 3848 nempe
1160 3785 1228 3833 inter

137 3879 154 3914 a
172 3866 294 3929 Barcina,
314 3879 359 3916 sen
380 3866 519 3928 Barchina,
529 3865 664 3914 Annibalis
703 3879 807 3914 versus:
825 3863 912 3913 ‘Cura
923 3860 1010 3923 loeos,'
1028 3863 1078 3910 tre.
1100 3866 1128 3907 et
1146 3858 1227 3908 ‘sm-

136 3939 245 4000 familia,
256 3955 271 3988 a
281 3940 354 4003 enjus
364 3940 450 4004 aliquo
459 3939 564 3990 condita
574 3938 664 4000 fuerin
704 3945 779 3989 tonus
790 3947 820 3989 ut
829 3936 897 4000 sibi,’
905 3940 953 3986 &a
964 3936 1051 4000 sieque
1059 3937 1162 3983 constat
1170 3945 1227 3982 sen·

137 4013 289 4066 fortasseab
297 4015 354 4078 ipso
361 4014 495 4065 Annibalis
504 4019 579 4079 patre
586 4013 666 4064 Amil·
705 4029 758 4076 sua,
769 4015 795 4062 in
805 4011 1027 4075 Interpretatione
1034 4009 1176 4072 expositus,
1183 4006 1227 4070 qui

139 4104 210 4153 esre,
221 4090 276 4153 qui,
292 4089 401 4140 testibus
412 4087 555 4139 Plutarcho
572 4095 601 4138 et
609 4088 664 4154 Ap·
703 4090 766 4139 alias
780 4089 863 4138 nullus
880 4093 957 4137 esset.
990 4084 1068 4134 Prius
1085 4087 1142 4132 erat
1158 4081 1228 4130 luter

140 4166 227 4230 piano,
242 4167 436 4228 cognominatus
448 4171 494 4223 ‘est
509 4165 640 4216 ‘Barees.'
706 4177 808 4213 versus:
831 4159 962 4210 ‘Barcino
978 4173 1022 4210 me
1040 4154 1161 4218 bimaris‚'
1178 4157 1228 4205 dee.

204 4244 467 4308 bremetensem.
615 4243 704 4293 Ausus.
1109 4236 1164 4285 8ss
