3000 4882
561 393 760 444 urrsroun.
846 381 847 386 ’
1141 383 1205 448 ⁷25

611 533 718 586 uorre

117 619 259 686 Aquitania
292 622 358 673 dixit
383 624 531 676 Ambrosius
560 627 644 692 Epist.
685 629 729 694 qni
740 627 836 681 veteris
844 629 947 680 Paulini
958 643 1042 680 errore
1052 631 1206 695 compulsus,
1284 654 1291 662 ·

120 709 225 748 xxxvi.
251 713 281 748 ae
304 700 450 763 Burdigalae
475 709 561 752 ustum
588 705 644 755 vult
683 703 720 752 ita
737 717 844 768 puerum
864 704 1023 755 educandum
1038 706 1159 770 suscepit,
1176 713 1205 756 ut

119 771 231 823 Uranirrs
241 773 382 838 Presbyter
392 774 459 840 apud
471 777 581 839 Surium,
600 791 644 828 an·
683 779 849 842 praeceptoris
867 778 992 828 industria
1009 793 1040 828 ac
1060 780 1206 844 sedulitate,

118 861 154 896 no
166 848 335 911 quidemsos.
356 850 519 902 exciriflletii
538 853 643 903 rationi·
683 854 798 916 parentis
809 853 1206 918 solicitudiuesepietatedoeu·

118 923 168 971 bus
179 930 207 973 et
216 925 383 988 argumentis,
398 926 448 975 etsi
465 927 581 990 ejusdem
601 943 643 978 na·
682 930 743 992 erit,
757 943 806 979 nec
816 929 892 980 aliter
902 937 1001 994 postea,
1015 945 1091 995 quam
1102 930 1149 981 tilii
1160 946 1205 982 uo·

119 999 185 1047 tales
198 999 230 1048 ad
242 1005 398 1050 assumsit.
411 1000 514 1052 referat.
537 1003 568 1052 In
577 1005 644 1054 Rhe·
681 1004 758 1062 mine,
776 1005 977 1069 compellaverit.

119 1074 209 1123 toriois
219 1081 382 1138 praeceptore
395 1091 454 1125 usna
472 1084 512 1128 est
523 1077 644 1143 Ausonio,

218 1289 305 1339 xix.
328 1289 518 1340 susurrus
541 1293 677 1341 ronrro
701 1295 868 1344 rnunruo
893 1297 1004 1346 ursio.
1047 1284 1112 1348 409

122 1405 374 1472 Connrnsnar
391 1409 462 1493 jam
478 1408 568 1472 Solis
583 1427 688 1491 equos
703 1408 874 1476 Tartessia
888 1405 1011 1496 calpe:

121 1509 352 1593 stridebatque
363 1508 446 1574 freto
460 1509 562 1575 Titan
575 1511 712 1594 insignis
728 1511 843 1579 Ibero:

152 1691 210 1740 durs
222 1691 296 1754 Calpe
307 1690 417 1755 Hispano
426 1689 549 1742 obdiderat
560 1705 629 1756 squas
639 1693 718 1751 Solius
735 1700 758 1744 et
770 1694 873 1744 Pliadas
881 1697 943 1746 clare
951 1696 1065 1746 stridebat
1075 1697 1100 1746 irs
1112 1699 1205 1748 Oscoss

576 1835 722 1856 neuneu
725 1837 753 1856 u

152 1937 166 1982 l
186 1931 269 1996 liujus
288 1933 374 1996 Epist.
393 1933 482 1983 titulus
501 1941 559 1984 erat
579 1935 604 1984 iu
615 1936 715 1986 'liliano
733 1934 832 1996 codice,
847 1935 963 1984 Badiaua
973 1934 1095 1996 editione,
1112 1943 1139 1986 et
1150 1935 1206 1984 aliis

121 1994 291 2060 quibusdam:
308 1999 425 2048 Ausonias
441 1999 528 2048 Pontio
548 2000 658 2062 Paulino,
674 2001 776 2050 mouille
786 2001 887 2049 misisset
903 1999 1036 2063 podnots'orr
1045 1999 1147 2049 ennius
1155 2003 1207 2062 pta·

611 2142 718 2194 noris
735 2205 745 2222 .

153 2238 242 2288 Pontio
259 2236 373 2300 Paulino]
390 2236 501 2288 Pontius
520 2237 563 2288 lrio
581 2239 647 2288 Pau·
687 2245 743 2290 ture
774 2239 912 2303 opponitur
931 2239 1010 2290 Abila
1036 2253 1108 2290 mona
1134 2239 1209 2300 alter,

118 2311 199 2373 linus,
214 2312 247 2361 sd
259 2327 334 2376 quern
344 2314 400 2362 lrreo
411 2320 439 2363 et
451 2327 497 2362 sex
509 2321 647 2376 sequentes
686 2321 765 2379 atque
775 2315 815 2365 lrae
827 2315 884 2364 duae
895 2316 1016 2366 Herculis
1027 2315 1152 2364 columuae
1163 2327 1209 2362 ex-

120 2398 181 2441 sunt
192 2391 328 2453 Epistulae,
344 2391 366 2440 is
388 2390 444 2454 ipse
465 2396 506 2440 est
522 2391 647 2440 Paulinus
686 2390 841 2440 istimantrrr.
874 2391 914 2440 De
924 2391 963 2439 lris
975 2391 1067 2438 Festus
1075 2386 1208 2436 Avienus:

121 2466 277 2530 Aquitanas,
299 2467 369 2530 cujus
386 2466 520 2530 Epistolre,
536 2471 564 2515 et
583 2467 646 2516 Car·
687 2465 807 2530 ‘Scopuli
824 2472 894 2516 stant
903 2465 975 2515 ardui
988 2466 1108 2529 utrinque
1118 2481 1125 2526 ;
1136 2463 1210 2513 Unus

120 2542 190 2590 ruina
200 2542 297 2605 aliquot
307 2549 406 2600 extant,
423 2541 544 2605 cujusque
560 2542 647 2592 menri·
686 2541 713 2590 in
724 2543 863 2605 Europam,
881 2540 988 2607 Libyam
1007 2537 1098 2616 procul
1117 2538 1210 2601 aspicit
1240 2561 1242 2566 ¹

120 2622 217 2665 uerunt
238 2615 494 2666 honorificentissime
513 2617 573 2666 DD.
591 2616 645 2667 Au·
687 2620 763 2676 alter,
781 2621 831 2668 duo.
872 2617 916 2666 Sic
936 2618 1028 2666 ooelnm
1044 2615 1142 2664 vertice
1160 2613 1210 2662 ful·

121 2698 189 2754 gust.
199 2689 358 2754 Ambrosius,
374 2692 557 2754 Hieronymus,
572 2693 647 2742 Sere·
687 2696 724 2746 cit
734 2695 826 2742 Maura
837 2691 922 2754 Abila,
938 2698 966 2740 et
981 2691 1058 2738 dorso
1077 2687 1211 2749 consurgit

120 2780 165 2814 rus
177 2766 311 2828 Sulpitius.
343 2767 370 2816 Is
391 2767 446 2829 ipse
466 2773 506 2816 est
525 2766 647 2816 Pasliuus
686 2767 788 2816 iberica
804 2763 918 2828 Calpe'·
934 2765 1063 2814 Tartessia
1084 2762 1126 2812 liic
1147 2761 1210 2810 dici·

122 2843 167 2908 qni
180 2843 300 2912 venditis,
315 2850 342 2892 et
353 2845 379 2892 iu
390 2858 516 2906 pauperes
535 2845 647 2907 erogatis
687 2851 730 2893 tur
741 2858 756 2891 a
766 2842 891 2890 Tartesao
901 2839 1011 2902 regionis
1022 2839 1088 2886 illins
1099 2836 1170 2885 urbe.

121 2916 291 2966 facoltatibus
311 2918 372 2979 suis,
389 2919 480 2966 Nolani
499 2918 647 2981 Caurpsuiae
719 2915 925 2977 Td'tridedotqoe,
946 2912 998 2976 dra]
1026 2915 1066 2960 Ex
1092 2911 1211 2974 opinione

121 2993 240 3056 secessit,
268 3008 324 3042 cnm
353 2993 512 3042 sanctissima
538 2995 648 3057 conjuge
688 2998 803 3041 veterum
837 2989 969 3052 praecipue
997 2987 1139 3050 poetarum,
1168 2984 1211 3048 qui

122 3069 255 3126 Therasia,
270 3074 347 3132 atque
358 3069 415 3132 ejus
428 3067 595 3120 orbisfaotns
608 3074 649 3119 est
688 3069 754 3132 tingi
777 3069 884 3118 Oeesno
904 3068 988 3116 Solem
1010 3063 1156 3122 cadentem,
1184 3068 1212 3111 et

123 3143 278 3206 Episcopus.
687 3144 797 3193 stridere
809 3143 903 3205 ignitas
922 3141 979 3204 ejus
997 3147 1066 3188 rotas
1078 3138 1211 3202 potabant.

159 3219 333 3268 lcondr'derut
346 3219 400 3278 jors
418 3218 481 3268 Solis
499 3234 575 3284 epuns,
594 3221 648 3284 tre]
687 3218 804 3270 Juvenal.
825 3219 881 3268 Sat.
901 3229 959 3266 ιιι.
986 3214 1100 3263 ‘Veniet
1124 3214 1212 3262 elassis

123 3289 264 3356 Παρεκβολὴ
276 3294 307 3342 ad
319 3295 386 3342 illins
396 3295 503 3344 Senecae
517 3295 544 3342 in
556 3309 649 3359 apoeo·
689 3308 850 3360 quocumque
870 3293 968 3342 vocarit
986 3290 1052 3354 Spes
1068 3288 1141 3351 lucri,
1162 3301 1213 3337 uec

121 3368 265 3432 ‘locyntlsosi
284 3369 468 3418 imitationem:
484 3370 560 3419 ‘Jarn
577 3370 649 3420 Phoe·
691 3369 868 3432 Carpathium,
883 3367 1156 3442 Gaetulaque-nutum
1175 3363 1212 3413 IE-

122 3443 173 3494 bus
181 3443 298 3493 breviore
307 3451 364 3493 rota
371 3451 538 3493 contraxerat
547 3445 651 3510 orbern,’
691 3461 772 3510 qrrora
782 3443 925 3504 transiliet3
941 3443 984 3492 sed
997 3443 1072 3505 longe
1084 3441 1163 3504 Calpe
1176 3453 1215 3488 re·

122 3522 173 3569 duo.
206 3519 254 3569 Cui
266 3527 323 3584 post
338 3522 439 3584 longam
451 3520 650 3584 descriptionem
691 3522 753 3571 licta
773 3519 869 3571 Audiet
898 3518 1028 3568 Herculeo
1061 3516 1213 3566 stridentem

124 3595 271 3659 subjungit:
292 3597 377 3644 ‘Puto
397 3595 477 3658 magis
500 3596 609 3660 intelligi
628 3596 650 3645 si
691 3598 792 3661 gurgite
820 3593 925 3645 Solem!
958 3593 999 3642 Ad
1028 3607 1102 3656 quern
1131 3592 1214 3640 locum

123 3671 229 3721 dixero:
247 3671 340 3722 mensis
364 3679 420 3721 erat
442 3671 575 3721 October?
607 3672 651 3722 Sic
690 3671 945 3722 retusSclroliastes:
963 3669 1113 3718 ‘Gaditano
1132 3666 1215 3714 Ocea·

123 3747 193 3798 enirn
212 3746 280 3797 infra
291 3747 438 3797 Ausonius:
455 3748 565 3798 ‘Nescis
587 3755 651 3812 puto
690 3762 724 3798 uo
734 3746 779 3797 Sol
794 3759 914 3810 mergens
926 3743 1028 3803 stridet,
1044 3748 1074 3790 ut
1084 3742 1107 3789 si
1117 3740 1214 3789 ferrum

123 3825 187 3890 quid
197 3825 273 3875 velius
286 3832 326 3876 tot
335 3825 451 3876 versibus
465 3825 562 3876 dicere.
595 3826 652 3875 Me·
690 3817 1047 3884 candensinaquatiuguas!
1079 3815 1214 3900 stutiusin

122 3901 182 3949 dios
192 3898 268 3950 fidius
278 3915 362 3966 neque
372 3901 429 3965 ipse
440 3901 507 3951 hee
516 3901 646 3963 intelligo:
691 3893 1090 3949 GenethliscoLucani:‘1‹'elix
1110 3891 1160 3938 lieu
1176 3902 1215 3936 ur·
1243 3927 1244 3930 ,
1271 3911 1276 3920 ·

123 3981 213 4024 tamen
235 3976 361 4038 suspicor.
393 3974 453 4025 Jsrn
485 3975 569 4038 prima
600 3987 651 4024 nox
690 3973 749 4034 uris,
774 3979 802 4021 et
824 3969 901 4019 beata
922 3969 1007 4031 tellus,
1033 3968 1099 4018 Quae
1122 3977 1214 4028 prouos

123 4048 203 4112 erst,'
221 4053 271 4100 &a
691 4045 848 4111 Hyperionis
868 4050 967 4094 meatus
987 4041 1097 4092 Summis
1116 4037 1215 4088 Oceani

159 4125 277 4174 Tartessia
287 4124 369 4188 Colpe]
386 4123 651 4186 Monsflispantassu
690 4121 762 4172 rides
781 4121 808 4169 iu
829 4119 914 4180 undis,
938 4115 1127 4181 Stridoremque
1149 4120 1215 4165 rotae

123 4197 223 4250 fretum
234 4198 401 4264 Gaditanum,
411 4200 453 4250 cui
464 4199 490 4254 iu
501 4198 598 4251 Africae
610 4200 652 4253 lit·
692 4195 808 4248 cadentis
818 4192 908 4245 audis.’
