3000 4882
473 399 700 448 andrunnun
726 399 848 448 rouro.
1143 385 1237 450 aba·

115 561 220 626 quam
233 542 382 612 innubis
397 551 473 608 ess‘e
488 542 621 608 deberet
646 545 689 608 nb
715 542 919 625 Imperatore
935 547 1139 628 praeventia..
1168 547 1209 612 In

114 647 176 712 illa
198 666 278 712 vero
301 647 391 724 sede,
414 652 449 711 nt
471 667 514 712 ex
533 639 624 712 more
647 648 823 730 loquimur,
847 645 1069 724 Consistorii,‘¹
1089 656 1127 713 ut
1147 669 1209 732 ego
1310 699 1312 705 s

115 749 240 827 sentio,
263 751 401 814 sacrarii
424 750 498 826 tui,⁰
518 750 628 814 nullus
642 768 788 832 unquam
803 749 1010 832 superiorum
1025 755 1084 814 aut
1097 750 1209 816 dicen-

115 850 184 914 dap
209 852 345 935 pensius
370 854 541 934 cogitavit,
567 858 625 916 aut
650 853 834 916 consultius
860 852 1008 932 cogitata
1033 852 1209 934 disposuit,

115 958 174 1016 ant
195 953 365 1036 disposita
382 955 543 1018 maturius
563 955 745 1039 expedivit.
789 953 844 1018 68.
867 953 909 1018 Et
932 954 1047 1036 aliqua
1069 955 1110 1018 de
1132 976 1208 1020 ora·
1255 1041 1256 1044 Ἴ

115 1055 210 1118 toriis
226 1055 403 1120 uirtutibus
419 1058 488 1119 tuis
503 1056 659 1133 dicerem,
678 1058 745 1120 nisi
764 1075 893 1122 vererer
908 1056 989 1120 mihi
1003 1057 1210 1140 gratificari.q

116 1155 198 1221 Non
221 1158 308 1221 enim
328 1157 519 1242 Sulpicius¹
543 1159 652 1223 aerior
675 1159 711 1222 in
737 1157 966 1236 concionibus,
989 1177 1049 1222 nec
1073 1160 1211 1243 majoris

117 1259 281 1327 Gracchi*
296 1261 592 1332 commendabilior
604 1260 766 1326 modestia
775 1261 848 1337 fuit,
859 1280 922 1326 nec
936 1263 1045 1344 patris
1061 1261 1126 1324 tui⁸
1140 1283 1211 1344 gra·

50 1349 56 1360 ¹
116 1363 192 1428 vior
206 1363 398 1427 auctoritas.
435 1361 505 1440 Qui
518 1368 613 1428 tenor
626 1363 735 1442 vocis,
748 1383 825 1428 cum
838 1364 980 1428 incitata
994 1366 1209 1447 pronuntias!

117 1485 195 1549 quae
209 1465 358 1542 inflexio,
380 1483 456 1527 cunr
474 1465 628 1529 remissa!
651 1484 727 1549 qnae
743 1466 951 1546 temperatio,
972 1484 1049 1529 cum
1069 1472 1230 1550 utraque,
1324 1477 1328 1484 '

118 1565 315 1650 dispensas!
360 1564 450 1643 Quis
465 1571 634 1631 oratorum
653 1566 736 1630 laeta
753 1564 950 1648 jucundius,
971 1565 1115 1632 facunda
1139 1569 1210 1632 cul-

118 1669 199 1747 tius,
229 1667 409 1752 pugnantia
440 1668 587 1746 densius,
609 1668 748 1732 densata
777 1667 1000 1750 glomeratius,
1023 1673 1081 1732 aut
1109 1669 1209 1746 dixit,

118 1778 188 1846 aut,
204 1770 293 1853 quod
308 1775 362 1832 est
378 1770 563 1847 liberum,¹4
577 1769 758 1851 cogitaviti
801 1768 855 1834 69.
875 1766 1019 1848 Vellem,
1044 1771 1074 1835 si
1097 1790 1209 1835 rerum

116 1878 235 1937 natura
248 1875 427 1954 pateretur,
452 1869 645 1953 Xenophon
663 1867 791 1948 Attice,
814 1869 848 1932 in
862 1889 971 1934 aevum
985 1877 1133 1936 noenum
1152 1893 1210 1939 ve·

118 2095 251 2158 Imperator
267 2109 309 2144 nor
321 2095 454 2159 praemia.
485 2095 516 2144 In
533 2094 575 2144 illa
594 2099 672 2144 autem
689 2093 803 2144 tribunali
819 2095 856 2144 tui
866 2095 1007 2157 courbtorii
1022 2097 1211 2159 quemadmodum

116 2162 187 2220 uulgo
197 2161 304 2221 dicimur,
319 2160 481 2208 narrariirero
497 2164 525 2208 ut
542 2174 585 2222 ego
599 2160 712 2222 arbitror,
728 2175 793 2208 nerim
810 2161 917 2221 priorum
932 2160 1066 2223 principum
1083 2161 1120 2210 rei
1136 2161 1213 2223 magia

115 2224 206 2273 callode
216 2225 342 2273 meditatur
362 2222 673 2286 acommodatum!
690 2224 831 2286 prudentius
848 2224 948 2285 digeaait
964 2225 1086 2287 meditata,
1106 2226 1142 2274 uel
1158 2240 1213 2274 erre·

116 2294 186 2337 eatur
196 2293 232 2338 eat
242 2287 340 2337 celerina
350 2289 451 2348 digena.
486 2289 640 2336 memorarem
650 2303 737 2351 quoque
751 2289 860 2336 nonnulla
873 2291 902 2336 de
912 2289 960 2338 tuin
970 2288 1062 2338 dotibua
1070 2291 1096 2338 in
1106 2289 1213 2349 diceudo,

114 2351 164 2401 niai
179 2359 302 2410 metuerem
319 2367 349 2401 ne
363 2352 456 2400 uiderer
472 2352 532 2400 milui
548 2353 675 2414 gratubri.
709 2353 774 2400 Nam
792 2351 911 2414 Sulpiciae
928 2351 1040 2412 nonfuit
1057 2353 1213 2402 uehementior

116 2417 143 2466 in
165 2417 309 2465 orationibus
328 2418 359 2466 ad
379 2417 499 2479 populum,
521 2431 594 2480 neque
616 2416 729 2465 modestia
752 2417 856 2466 Graecini
876 2417 975 2466 aruioria
990 2416 1042 2476 suit
1064 2416 1213 2482 laudabilior,

116 2481 417 2544 nequeuucioritaapatria
428 2481 463 2528 tui
475 2481 529 2543 plur
545 2479 626 2529 babuit
645 2483 670 2529 in
689 2481 784 2529 dicendo
800 2481 919 2544 panderit.
953 2481 1014 2537 uae
1023 2481 1133 2546 firmitur
1150 2481 1213 2532 racia

116 2551 168 2593 tuce
184 2551 220 2594 eat
235 2547 325 2608 quando
341 2545 482 2607 pronuntiat
495 2560 547 2607 pura
566 2545 732 2600 vehementiam
748 2544 852 2594 hadent!
888 2545 936 2600 Qui
951 2545 1032 2611 flexus
1049 2549 1140 2609 quando
1158 2559 1213 2609 pro·
1313 2566 1315 2572 ’

115 2609 213 2658 nuntiae
233 2607 314 2658 unia!
357 2608 435 2664 Quum
456 2608 571 2657 mirabilia
593 2610 725 2672 temperies,
746 2611 837 2671 quando
856 2609 929 2673 effera
948 2609 1066 2672 atraque!
1101 2611 1212 2666 Quinem

116 2673 250 2722 oratoribus
260 2675 361 2721 elocutae
373 2678 416 2733 eat,
427 2672 472 2733 oei,
484 2676 544 2734 quad
553 2675 608 2736 plur
618 2674 688 2722 babet
698 2673 840 2734 facilitatis,
850 2675 954 2736 concepit
965 2676 1043 2723 animo
1051 2679 1124 2735 gratu
1134 2675 1213 2722 euari-

115 2752 154 2797 ιιι,
166 2739 255 2786 diserta
270 2739 411 2798 elegantiae,
421 2738 579 2799 repugnantia
595 2737 707 2798 crebrius,
717 2738 855 2797 conglobata
871 2735 1077 2800 precipitaretur?
1097 2739 1211 2801 Cuperem

118 2807 155 2864 ut,
173 2802 253 2865 aiper
270 2816 348 2850 rerum
367 2805 475 2850 naturam
497 2801 587 2864 liceret,
602 2801 692 2850 rediret
712 2802 738 2850 iu
750 2801 810 2850 banc
820 2806 925 2851 nostrum
941 2805 1037 2851 atatem
1058 2801 1213 2864 oXenoplron

578 2957 756 2976 mm

117 3061 243 3111 lina-lt
259 3058 392 3110 Acidaliae
410 3059 557 3123 auspicatur
574 3057 678 3122 tiberiae,
696 3058 824 3122 probante
847 3057 1024 3108 Florida-15
1044 3058 1131 3106 Omnia
1147 3059 1214 3120 quari

540 3229 543 3235 ·
613 3208 723 3260 NOTAE

152 3329 165 3356 ⁰
190 3323 344 3386 Cuminarii]
370 3322 512 3373 sanctioris
539 3321 646 3373 Consilii
687 3323 754 3373 Pub.
775 3323 913 3387 Sulpiciae,
934 3321 967 3373 de
989 3337 1040 3386 quo
1063 3321 1155 3372 Cicero
1172 3321 1215 3372 lib.

119 3398 302 3462 Imperatoria,
314 3399 358 3448 ubi
367 3413 425 3448 cum
433 3399 569 3448 comitibus
581 3400 647 3448 Cau·
689 3413 734 3448 ιιι.
745 3398 778 3448 de
791 3398 914 3448 Oratore.

119 3474 417 3540 uiatorianiadelmperii
426 3474 648 3524 administratione
720 3474 843 3535 'Maioris
856 3471 972 3536 Graevii]
988 3471 1096 3523 Tiberii.

119 3550 225 3614 agebat.
720 3550 827 3599 tPatr-ia
843 3549 891 3613 tui]
916 3548 1103 3610 Valentiniani,
1117 3547 1151 3598 da
1165 3561 1215 3612 qrru

152 3625 350 3688 ⁰Saerariitur]
366 3626 404 3675 Ut
421 3625 454 3674 de
474 3625 649 3690 numineque·
689 3624 779 3675 Aurei.
797 3625 903 3675 Victor:
928 3623 1007 3673 ‘Fuit
1025 3624 1096 3692 vultu
1113 3624 1216 3683 decons,

120 3702 190 3762 darn,
211 3701 249 3750 ira
277 3702 310 3753 de
337 3701 499 3765 Imperatore
526 3702 654 3766 loquitur,
690 3699 769 3749 colera
786 3699 996 3763 ingenio,anirno
1014 3698 1216 3760 praeinsermo·

119 3791 193 3826 more
202 3783 264 3826 tuuc
276 3783 393 3840 recepto.
689 3791 723 3825 ne
740 3776 903 3826 cultioaimua.
938 3775 1091 3837 Quanquam
1103 3773 1170 3822 onim
1183 3771 1215 3820 ad

154 3851 235 3902 ”dut
254 3851 360 3910 dicenda,
376 3849 428 3914 dra]
445 3849 572 3900 Gradatio
590 3863 650 3899 cou-
690 3851 846 3915 loquendum
870 3862 972 3912 pareus,
997 3861 1113 3906 aererue,
1140 3845 1215 3895 rebe·

122 3925 210 3976 cinna.
690 3925 838 3988 menr,’&e.
851 3923 1001 3973 Ammianus
1012 3923 1056 3973 lib.
1064 3925 1151 3972 xxx.‘
1165 3922 1215 3970 Bo·

154 4009 166 4043 u
185 4001 344 4052 Niairererer
351 4001 565 4066 mibigratrfiearr]
578 4002 650 4050 Prae·
690 4002 726 4062 ni,
739 4001 861 4064 pravique
877 4011 974 4060 rumor,
993 4004 1021 4046 et
1037 3998 1161 4047 derantur
1171 3997 1216 4044 ad·

120 4076 652 4140 dicando‚nnacurutuaeloqaentia‚ma·
691 4075 793 4126 modum
815 4072 957 4138 prudena,'
980 4075 1029 4123 duc.
1061 4073 1216 4133 ‘Memoria,

121 4169 163 4206 am
176 4155 201 4204 iu
213 4162 239 4204 te
249 4156 366 4206 docendo
378 4158 491 4218 operam.
692 4165 860 4216 aermoneqae
888 4150 998 4200 incitato
1027 4150 1140 4214 quidem,
1171 4149 1216 4198 aad

170 4237 180 4264 ¹
200 4230 331 4295 Sulpinur]
361 4231 477 4280 Eximius
496 4229 539 4279 ille
564 4236 653 4280 orator
692 4226 1141 4293 rarosacrandinproximo‚ripeur.'
