3026 4898
281 325 347 391 568
748 341 904 391 susorur

281 485 425 560 Praesto,
440 483 531 566 quod
548 483 576 548 E
591 483 722 550 Latium
738 505 872 569 semper
885 489 996 567 breve,
1010 484 1138 550 Dorica
1152 505 1222 550 vox
1253 493 1289 548 Ε.

282 585 364 650 Hoc
378 586 474 648 tereti
488 591 672 669 argutoque
685 607 768 652 sono
783 595 883 670 negat
897 587 1014 653 Attica
1028 607 1107 670 gens
1272 591 1290 654 ⁹.
1357 593 1381 654 5

280 694 312 748 Ω
327 686 419 772 quod
433 691 467 749 et
483 693 508 747 0
523 685 680 752 Graccum
693 699 888 772 compensat
903 690 1054 754 Romula
1067 708 1136 754 vox

282 790 395 853 litera
410 808 484 852 snm
499 787 586 854 Iotae
601 789 732 868 similis,
753 810 824 856 vox
838 791 941 874 plena
953 790 1088 874 jubens,

282 891 457 973 Cecropiis
471 892 584 972 ignota
596 892 708 970 notis„
720 893 824 958 ferale
841 912 966 958 sonans

281 991 483 1074 Pythagorae
499 991 626 1055 bivium
640 992 741 1057 ramis
755 999 855 1076 pateo
871 993 1039 1076 ambiguis

280 1091 435 1159 Vocibus
449 1092 484 1155 in
500 1091 615 1156 Graiis
629 1112 798 1177 nunquam
812 1094 929 1160 ultima
941 1093 1134 1177 conspicior
1282 1139 1290 1154 .
1335 1095 1381 1160 lo

1222 1211 1234 1238 ἱ

280 1276 389 1338 quodem
400 1275 424 1322 Ε
435 1274 547 1322 Μίκκα
555 1287 647 1335 semper
656 1271 735 1334 breue,
753 1279 788 1324 est
799 1289 867 1324 rose
880 1275 976 1325 Grau.
1009 1275 1085 1325 Notio
1095 1275 1248 1326 Atheniensis
1258 1275 1337 1324 utitur
1346 1277 1381 1324 nd

279 1337 795 1399 segmdumhossoaorotuudo,stucstos.
815 1339 1004 1388 Rombteru
1025 1342 1122 1388 Ouolet
1142 1341 1178 1402 id,
1195 1343 1298 1403 quoda,
1317 1345 1340 1388 et
1359 1345 1381 1388 0

283 1403 401 1450 Gratum.
436 1402 489 1462 Ego
498 1400 631 1449 wcabuturu
640 1401 760 1462 integrum
769 1401 886 1464 imperans
897 1403 919 1466 1,
930 1419 983 1452 suut
992 1405 1063 1452 Eteru
1072 1404 1159 1452 similis
1168 1405 1237 1452 lotoe.
1274 1404 1299 1454 U
1314 1404 1380 1456 suui-

282 1471 333 1513 ttuu
342 1463 556 1524 hotmfuresturu
565 1479 616 1512 suus
626 1466 697 1514 litera
708 1467 829 1527 incognito
840 1467 904 1514 ister
914 1469 996 1516 merus
1006 1466 1111 1517 Atticus.
1140 1469 1195 1530 Ego
1207 1469 1278 1517 Yeiu
1287 1467 1382 1526 biturca

281 1528 436 1593 Pythagora,
447 1529 567 1590 apundor
577 1529 603 1576 irs
618 1530 676 1578 duos
686 1543 764 1578 russos
773 1531 903 1593 aucipites:
921 1531 975 1594 Ego
995 1537 1020 1580 Μ
1035 1547 1154 1596 saprum
1164 1533 1245 1581 uidcor
1259 1537 1380 1595 pharam

736 1667 921 1688 W!

280 1765 329 1814 tica
337 1780 397 1826 gers
406 1765 432 1829 h]
448 1765 512 1816 Quis
521 1765 589 1814 enim
599 1765 763 1815 bancveraur
774 1765 913 1815 lectionem
925 1772 1021 1829 neget:
1042 1772 1135 1815 contra
1150 1764 1219 1815 illam
1238 1764 1381 1827 vulgatam,

281 1829 389 1879 falsam?
410 1829 442 1878 In
453 1831 502 1878 hac
514 1829 685 1893 castigatione
698 1829 782 1893 adjuti
793 1843 880 1879 sumus
889 1832 970 1880 reteri
981 1831 1121 1894 scriptura,
1130 1845 1187 1895 quae
1199 1828 1313 1878 babebat
1328 1842 1379 1892 pro

281 1894 355 1956 ligat,
371 1899 434 1956 eget.
467 1895 522 1943 Nos
533 1899 606 1956 negot
617 1893 726 1943 fecimus
736 1910 743 1940 r
760 1899 790 1942 ut
799 1907 830 1942 eo
841 1893 875 1942 ad
887 1909 975 1943 verum
987 1909 1091 1944 sensum
1102 1893 1208 1943 deducti
1220 1893 1310 1943 simus.
1336 1893 1380 1940 lle

282 1958 373 2007 eadem
385 1960 452 2007 enirn
462 1959 538 2007 litera
547 1959 672 2020 intelligit
683 1958 717 2006 ad
728 1957 867 2007 Paulinum
878 1958 1009 2008 scribens:
1024 1959 1102 2007 ‘Una
1113 1957 1164 2006 suit
1176 1957 1316 2020 quondam,
1328 1970 1382 2019 qua

280 2022 439 2085 respondere
451 2023 566 2072 Lacoms
578 2023 676 2084 Litora,
688 2030 716 2071 et
726 2022 793 2070 irato
804 2023 860 2085 regi
871 2023 993 2085 placuere
1001 2022 1153 2086 negantes.’'
1167 2021 1285 2082 Scaliger.
1317 2021 1379 2069 Tol·

280 2085 329 2134 lius
340 2100 373 2135 ex
383 2086 503 2136 'l'uruebo
514 2087 579 2150 legit
590 2091 669 2137 0.-o
686 2087 730 2136 Sic
747 2087 812 2148 legit
823 2087 936 2149 Lipsius,
955 2087 1133 2151 Lugdunensis
1144 2085 1227 2135 codex
1237 2085 1333 2134 babet:
1356 2090 1379 2133 o

282 2152 343 2212 guod
353 2155 444 2213 arog:
459 2165 492 2199 ex
505 2166 555 2216 quo
566 2151 693 2214 Scaliger,
704 2152 795 2214 nguort
805 2154 828 2199 et
844 2156 930 2200 ‹ru—8
946 2152 989 2202 Sic
1009 2166 1042 2200 ex
1057 2151 1223 2215 lugdunensi
1240 2149 1318 2212 libro,
1333 2149 1379 2214 gni

777 2303 885 2355 NOTAE

315 2430 330 2473 5
347 2424 372 2488 t]
398 2424 478 2473 Sonat
488 2424 557 2473 euim
568 2424 663 2474 Gracc
674 2438 735 2488 nou,
753 2439 811 2491 quse
853 2424 895 2474 rel
914 2441 932 2475 a
949 2425 1033 2475 lenius
1052 2424 1119 2490 quod
1131 2424 1252 2474 Gracum
1263 2422 1379 2486 'texpri-

282 2513 333 2547 vex
346 2505 387 2548 est
399 2499 528 2561 negantis.
852 2501 962 2566 mebat‚)
977 2502 1022 2553 sed
1033 2501 1102 2566 qnod
1115 2500 1226 2565 spissum
1239 2499 1310 2548 illum
1332 2513 1379 2548 vo-

315 2573 331 2602 *
350 2573 429 2623 Paeti
440 2580 569 2638 argutoque
588 2589 644 2624 soro
661 2573 812 2636 segetAtti·
851 2577 914 2626 calis
930 2593 947 2626 u
966 2593 1056 2628 sonum
1076 2577 1146 2626 nulla
1163 2576 1259 2626 Graeca
1280 2576 1379 2624 vocalis

281 2664 309 2698 cn
319 2663 379 2711 geas
389 2650 414 2714 t]
430 2650 574 2713 Perperam
593 2650 635 2700 bic
655 2657 746 2698 noster
767 2664 811 2698 ex·
851 2651 968 2716 baberet,
984 2652 1030 2702 scd
1049 2666 1113 2717 opus
1131 2659 1200 2701 esset
1220 2651 1253 2700 ad
1264 2665 1380 2700 eumer·

282 2725 342 2774 cudi
358 2725 459 2775 curavit
478 2728 492 2773 t
509 2741 556 2789 pro
568 2724 603 2789 O,
613 2726 663 2775 etsi
679 2730 811 2776 auctorem
851 2729 1013 2792 primendum
1024 2728 1226 2792 diphthongum.

281 2799 373 2850 babuit
414 2800 564 2851 Turnebnm
594 2802 667 2864 cujus
698 2801 811 2851 consiliis
884 2805 969 2854 Ferale
985 2802 1081 2866 mous]
1112 2803 1188 2856 Quod
1207 2803 1334 2852 ulularum
1351 2809 1382 2852 et

281 2877 340 2938 plus
350 2876 429 2927 nimio
444 2877 603 2942 obsequitur.
636 2875 811 2926 DocetAtbe-
850 2886 1012 2944 noctuarum,
1029 2879 1147 2930 feralium
1161 2880 1256 2944 avium,
1275 2885 1382 2929 cantum

281 2966 352 3002 urens
359 2954 470 3002 Veteres
478 2953 664 3018 diphthongum
674 2953 752 3003 etlam
763 2967 812 3016 per
850 2955 974 3005 imitetur.

283 3027 308 3076 0
330 3033 430 3077 tantum
450 3029 594 3093 scripsisse.
629 3029 690 3078 Huc
708 3028 812 3078 accedit
882 3029 1062 3094 9Pytltugcm
1077 3030 1174 3092 hrum,
1192 3029 1246 3093 he]
1264 3035 1284 3078 t·
1301 3031 1383 3079 litera

282 3103 352 3166 qnod
368 3103 499 3154 Ausonius
510 3099 567 3168 ipse
578 3106 664 3168 Epist.
676 3109 716 3154 2⁵.
734 3119 812 3154 unam
852 3105 1000 3154 discrimine
1020 3113 1093 3156 secta
1112 3106 1212 3156 bicorni
1224 3107 1382 3170 Pythagorae

282 3176 362 3228 fuisse
384 3179 487 3228 literam
509 3177 586 3241 dicit,
604 3193 655 3242 qua
672 3179 813 3242 responde·
852 3181 959 3242 dicitur,
979 3195 1031 3231 uon
1061 3181 1129 3247 quod
1154 3181 1313 3245 Pythagora
1340 3181 1382 3230 iu·

282 3260 343 3302 runt
353 3254 478 3318 Lacones,
486 3255 594 3319 regique
609 3253 675 3302 irato
689 3260 813 3316 negantes
852 3264 958 3306 ventum
968 3256 1058 3322 fuerit,
1069 3257 1121 3307 fuit
1135 3260 1204 3307 enirn
1215 3257 1381 3318 Palamedls;

283 3329 445 3392 placuerunt.
850 3332 897 3382 sed
908 3333 978 3398 qnod
997 3334 1054 3398 eJ'ua
1070 3333 1170 3383 bifurca
1185 3332 1270 3397 figura
1281 3335 1382 3398 Pytha-

315 3403 357 3452 *θ
374 3405 514 3467 Corupensut
525 3405 626 3454 Romula
633 3419 679 3453 nox
696 3403 729 3467 0]
740 3404 812 3453 Gra·
851 3423 927 3472 goras
935 3414 1054 3459 uteretur
1062 3411 1088 3458 in
1099 3410 1242 3460 Moralibus
1254 3411 1306 3460 suis
1318 3411 1381 3474 dog·

282 3481 307 3528 ci
330 3479 473 3544 antiquitus
492 3493 606 3530 sumsere
628 3485 649 3529 0
670 3495 719 3545 pro
735 3486 765 3542 n,
782 3487 812 3529 ut
851 3483 938 3546 matis,
953 3484 985 3533 ad
998 3485 1125 3548 geminam
1136 3485 1239 3534 virtutis
1251 3487 1382 3548 et‘rolup-

283 3560 359 3617 patet
369 3569 402 3602 ex
418 3554 518 3606 duobus
532 3556 651 3619 nummis,
667 3555 811 3620 inquorum
852 3559 914 3607 tatia
925 3559 992 3608 riam
1003 3557 1242 3608 demonstrandam.

284 3631 367 3678 altero
385 3631 483 3694 legitur
504 3631 605 3682 Κνωσίων
624 3647 671 3696 pro
692 3631 809 3698 Κνωσίων,
885 3638 916 3682 10
936 3633 1036 3684 Vocibus
1050 3633 1076 3683 iu
1090 3634 1247 3698 Grotiutpa]
1258 3634 1385 3687 Quintili·

283 3713 312 3755 et
323 3707 350 3754 iu
362 3707 445 3756 altero
454 3707 559 3766 eutium
569 3723 617 3773 pro
628 3707 745 3768 Θηβαίων.
852 3721 916 3756 auus
936 3707 982 3758 lib.
994 3721 1047 3759 ιιι.
1066 3722 1125 3771 cap.
1137 3712 1178 3759 lt).
1209 3708 1297 3760 ‘Quid
1309 3709 1382 3772 quod

315 3786 331 3830 t
352 3782 405 3832 Vox
430 3783 609 3847 pleunjuberss]
635 3783 811 3848 imperativus
853 3783 978 3846 pleraque
1000 3796 1047 3831 nos
1079 3782 1125 3830 illa
1154 3782 1226 3846 qussi
1247 3781 1382 3845 mugiente

282 3858 356 3909 verbi
365 3859 414 3920 Ilo,
426 3858 496 3922 apud
506 3859 619 3910 Latinos.
852 3858 929 3908 litera
939 3857 1084 3906 claudimus
1091 3863 1125 3919 u,
1135 3872 1187 3923 qua
1199 3859 1297 3908 nullum
1306 3858 1383 3909 Gras-

314 3940 330 3984 8
343 3933 461 3998 Cecropiis
470 3935 553 3996 ignote
562 3934 634 3994 sotis,
645 3939 687 3999 tre.
702 3933 737 3997 V]
749 3935 810 3985 Nou
849 3947 909 3982 cnm
921 3933 1027 3982 verbum
1036 3932 1136 3983 eaditi'

283 4011 353 4073 quod
363 4011 420 4074 ejus
435 4023 524 4060 sonum
542 4010 811 4074 nonhaberetlingua
882 4011 897 4040 ⁸
921 4010 1050 4073 Nusquam
1078 4009 1162 4060 ultimo
1190 4009 1319 4072 motator
1343 4010 1382 4074 Μ]

284 4085 388 4149 Graeca,
407 4088 477 4152 (erat
498 4086 567 4135 enim
598 4086 639 4135 vel
660 4102 678 4135 a
700 4085 810 4149 spissum
851 4083 931 4135 Recte
940 4084 967 4132 iu
976 4085 1383 4150 Palaeograpbiaannotatum‚ut

284 4161 352 4227 quod
371 4177 455 4226 perso
466 4164 587 4214 Granum
606 4161 812 4227 exprimebatur,
849 4161 926 4212 metri
936 4162 1003 4212 ratio
1010 4168 1113 4214 constet
1122 4163 1318 4228 tegendum,ui,
1326 4177 1382 4214 uon
