2998 4884
277 383 342 446 468
745 390 899 440 ausonii

276 531 446 618 Tempora
459 537 627 616 longarum
642 533 710 596 fers
722 534 913 614 incorrupte
922 549 1101 605 morarum,

277 637 461 718 Praesignis
475 636 618 701 maculis
631 633 773 716 capitis:
797 635 852 698 cui
867 633 1009 716 prodiga
1020 635 1113 695 nutat

277 737 399 814 Alvus,
415 737 630 818 opimatoque
644 734 751 799 fluens
766 735 941 799 abdomine
955 741 1079 798 venter.

279 815 434 921 Quaeque
448 855 507 919 per
521 835 705 920 Illyricum,
719 854 779 918 per
792 843 912 916 stagna
924 833 1103 899 binominis
1119 831 1210 909 istri,

278 939 481 1022 Spumarum
495 936 629 1001 indiciis
644 938 787 1020 caperis,
803 936 977 1011 Mostella,
993 941 1176 1009 natantum,

278 1041 322 1104 In
336 1043 486 1104 nostrum
502 1038 665 1103 subvecta
678 1037 808 1115 fretum,
824 1057 866 1101 no
880 1037 951 1100 lata
965 1034 1121 1100 Mosellae

196 1184 200 1189 ·
279 1140 435 1206 Flumina
450 1146 518 1203 tam
531 1139 651 1204 celebri
663 1139 933 1204 defraudarentur
948 1138 1092 1201 alumno.

278 1242 367 1320 Quis
383 1247 415 1306 te
430 1247 554 1306 nature
570 1241 679 1323 pinxit
692 1241 808 1305 colorl
831 1245 905 1306 atra
920 1257 1060 1322 superno
1308 1237 1374 1300 llo

278 1342 411 1406 Puncta
423 1347 542 1405 notant
557 1345 694 1423 tergum,
709 1361 786 1424 qnae
801 1341 889 1405 lutea
905 1340 1026 1404 circuit
1041 1339 1119 1404 Iris.

279 1537 304 1571 ea
318 1523 415 1572 maculis
423 1522 521 1584 capitia.-
536 1526 563 1570 tu
573 1521 689 1570 euitatus
699 1520 899 1585 ceatastuetaat,
910 1527 934 1572 et
945 1524 1012 1572 olous
1025 1521 1051 1572 di
1073 1535 1114 1570 aaa
1124 1520 1246 1570 abdomine
1254 1518 1389 1582 amimea
1491 1493 1492 1502 ἵ

278 1587 313 1634 Et
324 1592 351 1634 tu
362 1587 474 1635 Mostella
491 1600 594 1649 quoepcr
604 1586 735 1649 Illyricum,
745 1590 769 1633 ct
776 1600 820 1647 per
830 1601 903 1647 oquae
916 1585 1024 1635 Danubii
1056 1585 1168 1633 inominia
1177 1583 1376 1645 comprehenderis

277 1649 366 1698 indicio
377 1665 510 1713 spumarum
520 1664 591 1712 capro
601 1655 624 1698 te
635 1649 813 1712 flammeam,
830 1650 910 1698 deluto
926 1665 951 1700 es
967 1652 994 1698 ia
1012 1655 1118 1698 nostrum
1136 1662 1210 1707 mare,
1227 1663 1257 1695 ae
1271 1649 1374 1709 amplam

275 1712 395 1777 ,amatum
403 1714 647 1776 Moselloepricuretar
658 1718 707 1762 tam
713 1713 800 1776 inclyto
808 1713 910 1762 alaman,
945 1714 1006 1770 Quia
1017 1713 1188 1774 anturoefucua
1199 1717 1222 1760 te
1232 1712 1266 1758 aie
1276 1711 1377 1772 pinxit?

280 1775 376 1826 Puncta
392 1779 464 1840 aigro
474 1791 566 1827 sarsum
575 1777 775 1839 mandorum
794 1782 871 1837 mm,
889 1791 941 1839 que
960 1777 1010 1826 Iris
1026 1791 1105 1826 nucea
1122 1775 1204 1824 umbi.
1240 1775 1374 1823 Carneum

737 1917 781 1938 m
784 1917 919 1938 ΟΜΝΗ

280 1999 362 2068 ss-tlu
379 2020 387 2046 ‘
399 2018 469 2081 Lege
481 2023 509 2067 et
520 2016 649 2080 distingue
661 2033 667 2066 :
684 2022 740 2066 atra
750 2031 848 2080 capena
859 2018 889 2067 P.
900 2032 924 2066 a.
936 2022 1030 2078 tergam
1037 2034 1046 2076 ,·
1060 2031 1112 2080 pao
1123 2016 1139 2066 l.
1148 2031 1169 2066 c.
1183 2015 1242 2064 Iria.
1271 2015 1377 2078 Nempe

281 2090 340 2133 atra
350 2090 463 2158 'puncta
495 2082 547 2131 Sed
559 2081 699 2144 Upolettus
718 2081 811 2157 aliique
828 2081 980 2131 ediderunt:
1001 2083 1029 2128 Ρ.
1038 2097 1064 2130 a.
1074 2088 1183 2141 tergum:
1199 2094 1247 2142 qao
1256 2081 1273 2127 t.
1284 2094 1305 2127 e.
1317 2080 1380 2164 leia3

281 2147 384 2196 balneo
396 2148 517 2206 coeraleua,
533 2148 574 2206 tre.
592 2159 668 2209 qoam
681 2146 819 2194 lectionem
837 2147 962 2210 volgatae,
978 2159 1026 2194 cen
1042 2151 1183 2207 eonuptae,
1200 2142 1369 2207 praetulerim.

786 2289 895 2339 NOTAE

282 2385 343 2450 quid
355 2397 439 2432 surnas
451 2382 632 2448 potissimum!
880 2388 928 2432 10⁷
945 2383 1072 2446 Maatello]
1092 2383 1169 2433 Hauc
1180 2383 1288 2432 Ausonii
1305 2383 1377 2432 Mue-

314 2457 808 2520 'Duiiaefacturaaferculccoeuoe]‘Do·
848 2459 937 2509 tellam
958 2459 1073 2522 Scaliger
1094 2458 1181 2508 multis
1202 2458 1296 2521 probat
1320 2473 1378 2508 esse

282 2533 366 2586 biam'
378 2549 412 2582 ex
425 2533 581 2582 Terentiano
601 2532 754 2582 Phormione
765 2547 810 2582 ex·
850 2533 1379 2598 Lampetramuostram,lmproye‚·quam

283 2617 391 2676 popum,
409 2611 435 2658 in
453 2625 503 2674 qna
515 2609 618 2659 dubites
636 2610 696 2673 quid
708 2610 810 2672 potissi·
849 2624 907 2660 cnm
930 2611 1110 2660 Enormistone
1138 2609 1284 2658 cassiodori
1309 2610 1379 2658 male

282 2701 352 2735 mum
371 2699 464 2734 suniae.
497 2685 599 2734 Ceteris
617 2699 678 2733 aero
697 2675 813 2747 piscibus
849 2683 1007 2736 confundere
1029 2686 1113 2748 ipsam
1131 2684 1266 2734 contendit
1281 2685 1380 2735 Salma-

282 2763 320 2811 ita
336 2762 469 2812 antecellit
485 2761 581 2822 Salmo,
593 2766 623 2810 ut
642 2761 685 2810 vix
704 2761 809 2811 dubiam
848 2760 911 2810 sina.

283 2850 381 2887 coenam
399 2836 503 2887 efficiat.
543 2837 633 2885 Malim
655 2837 734 2898 igitur
751 2851 809 2886 cnm
882 2840 929 2884 1⁰8
946 2837 977 2884 Ia
990 2840 1095 2885 amram
1104 2837 1211 2886 alcedo
1222 2837 1326 2900 samaa]
1346 2836 1380 2885 In

281 2913 471 2976 Musaipontino
491 2913 711 2976 Epigrammatum
731 2913 807 2962 Elec·
851 2912 987 2962 Mosellam
998 2927 1031 2961 ex
1042 2912 1157 2965 Oceano,

281 2998 340 3042 tore
358 2990 468 3052 intelligi
493 2990 605 3039 medium
634 2991 702 3038 inter
724 2990 810 3053 pisces
882 2983 898 3016 '¹
913 2988 944 3035 la
954 2991 1060 3036 comm
1068 2987 1176 3036 mlexto
1177 2989 1283 3053 famia]
1294 2991 1382 3039 Docet

283 3069 411 3111 etcarrrea
429 3077 557 3124 saporem.
590 3063 811 3114 Quemadmodum
851 3063 978 3112 Froberns
999 3062 1080 3127 (qrrod
1099 3063 1256 3126 piscatorum
1284 3065 1381 3114 indicio

285 3140 353 3189 enim
373 3141 527 3189 Plutarchus
546 3139 579 3188 de
598 3139 689 3190 Poiisi:
707 3142 762 3190 ‘Ut
779 3155 811 3190 ex
852 3137 985 3202 cognovit)
1000 3140 1159 3199 Mnateltam,
1176 3154 1233 3202 qua
1245 3141 1382 3189 etMnroe·

284 3214 405 3265 carnibus
417 3215 522 3278 optimae
542 3229 600 3278 quae
619 3228 736 3278 saporem
755 3229 811 3264 car·
851 3227 885 3262 aa
895 3227 996 3277 quicque
1012 3213 1083 3266 dicta
1093 3220 1142 3276 est,
1153 3215 1297 3264 etDorioni
1308 3215 1381 3265 md·

283 3292 354 3340 nium
366 3291 470 3340 minime
483 3289 610 3352 referunt,
627 3292 664 3340 sic
683 3297 712 3341 et
727 3291 812 3354 pisces
852 3307 894 3350 pra
912 3287 1018 3352 μύραινα,
1036 3291 1068 3338 ab
1086 3290 1191 3341 Oceano
1209 3290 1294 3342 ducib
1308 3307 1380 3342 arre-

284 3365 465 3428 landatissimi‚
498 3366 543 3430 qui
569 3366 682 3416 reddunt
708 3373 811 3430 gustum
853 3366 1087 3430 pere‚nescioqoo
1102 3366 1190 3416 tenaci
1207 3367 1382 3430 complutico,

284 3439 419 3489 carnium.’
853 3453 904 3503 quo
915 3439 990 3488 tactis
998 3439 1141 3504 quibusque
1150 3440 1226 3490 rebus
1235 3440 1381 3490 firmissime

318 3520 365 3565 loa
383 3515 642 3579 resimplata
660 3521 709 3578 est,
728 3517 810 3566 incor-
853 3515 1014 3577 adhaerescit,
1023 3515 1135 3564 Salmoni
1151 3531 1179 3564 se
1196 3517 1382 3580 applicantem,

285 3597 385 3653 ruptus.
411 3591 551 3640 vocativus
580 3605 626 3654 pro
645 3599 719 3641 recto
740 3607 811 3654 caso,
852 3597 882 3640 ut
893 3590 925 3639 ab
937 3603 967 3638 eo
979 3591 1020 3638 vel
1038 3590 1119 3642 invito
1138 3590 1256 3640 amnibus
1274 3591 1381 3642 inreba-

285 3666 383 3714 locotio
402 3664 537 3714 familiaris
557 3664 682 3729 Ausonio,
711 3673 741 3715 nt
756 3666 811 3728 jam
853 3673 904 3716 tur.
938 3665 1031 3716 Mouet
1052 3666 1120 3716 idem
1137 3672 1219 3717 totum
1240 3669 1308 3718 bunc
1327 3668 1383 3718 An-

287 3739 489 3789 observavimus.
852 3742 916 3790 senii
927 3743 1010 3791 locum
1022 3741 1055 3790 de
1066 3743 1200 3799 Mostella,
1218 3744 1319 3793 collatis
1336 3759 1382 3794 va·

319 3820 367 3865 loo
378 3816 514 3865 Biaomiaie
523 3817 595 3879 latri]
606 3817 658 3870 Qut
669 3817 771 3868 scillcet
782 3824 811 3868 et
852 3817 895 3866 alls
908 3824 1040 3868 auctorum
1051 3818 1126 3874 locis,
1137 3818 1262 3868 illustrari
1274 3825 1302 3868 et
1313 3817 1382 3884 Hip-

286 3893 366 3951 Ister,
376 3899 403 3942 et
415 3892 551 3940 Danubius
562 3893 707 3956 appellatus
719 3900 767 3943 est.
852 3887 1383 3956 polytoSalvianoHistor.111.etRonde.

319 3965 334 3994 '¹
356 3965 492 4016 Bioomiaia
511 3965 583 4027 latri]
607 3968 721 4017 Danubii
742 3969 812 4018 circa
851 3969 897 4017 let.
919 3969 951 4016 de
972 3964 1091 4018 Piscibus
1111 3969 1157 4018 lib.
1180 3979 1237 4036 arv.
1258 3983 1317 4032 cap.
1341 3974 1382 4022 18.

286 4042 380 4104 fontes,
396 4043 466 4092 Istri·
476 4044 546 4092 circa
564 4045 637 4093 ostia.
672 4044 738 4093 Vide
755 4061 811 4109 quae
852 4057 916 4106 quoa
926 4043 1044 4092 consulet
1055 4045 1128 4106 plura
1138 4044 1182 4108 qui
1194 4045 1314 4092 voluerit.
1331 4069 1334 4075 Δ

286 4118 464 4167 annotavimus
481 4118 514 4169 ad
531 4133 568 4170 ve·
578 4124 601 4171 2.
614 4119 812 4184 Epigrammatis
885 4123 931 4167 lll
949 4119 1044 4168 Paaelo
1052 4125 1133 4169 aotoat
1143 4125 1245 4182 temam,
1255 4135 1307 4182 pao
1318 4121 1383 4171 licea

288 4192 371 4241 tertii.
852 4195 937 4244 circuit
954 4193 1014 4258 Iria]
1032 4197 1075 4247 Sic
1094 4198 1162 4260 lege,
1181 4202 1208 4246 et
1224 4197 1382 4261 interpungo
