3034 4878
290 369 356 436 850
756 381 912 430 tuscan

290 531 407 596 imunt.
451 524 572 590 Ulixes
587 522 681 589 caede
695 523 739 588 ud
754 523 887 608 plenam
900 529 1102 608 perpetrata,
1120 522 1232 608 'ignem
1252 525 1383 608 adolet;

291 632 493 712 incensoque
508 627 631 694 sulfure
644 625 780 691 domum
795 627 933 710 piaculo
947 635 1083 711 purgat.

295 807 387 936 Ηὶῦεεε,
399 807 680 872 panormitanam,
696 808 803 858 cccmdd
817 808 896 872 ignem
904 823 914 868 ,·
929 813 952 858 ct
963 810 1050 860 lactrat
1065 810 1199 874 expiatione
1209 812 1270 860 adeo
1288 825 1385 862 arcente

293 888 319 924 m
342 887 392 924 are.

507 1069 696 1120 rnnrocrra
718 1067 836 1117 xxrrr.
859 1067 1052 1118 onrssnm.
1095 1053 1159 1118 467

384 1177 599 1252 Chalcidicam
610 1203 717 1270 gressa
730 1182 839 1247 aratris
852 1182 1018 1268 superabat
1034 1182 1125 1248 anili.

335 1308 370 1374 2.
382 1306 540 1390 Euryclia
549 1307 674 1382 nutrix,
684 1311 791 1386 gestae
806 1305 854 1369 rei
867 1305 995 1383 nuntia,
1005 1303 1197 1388 Penelopen
1209 1304 1250 1369 de
1264 1323 1386 1370 somno

292 1411 429 1474 excitat.
473 1405 580 1486 Quee¹
609 1406 838 1470 advenientem
862 1406 964 1470 adse
986 1407 1141 1470 maritum
1166 1425 1232 1471 non
1263 1412 1386 1472 temere

292 1511 405 1596 ipsum
418 1527 494 1572 esse
509 1506 696 1590 persuadet.
742 1504 900 1584 Quadam
914 1508 1062 1571 cubiculi
1076 1507 1160 1590 lege,
1183 1513 1219 1572 et
1242 1509 1385 1592 genialis

291 1610 410 1676 lectuli
424 1608 561 1694 positu:
575 1607 641 1674 sibi
655 1615 784 1672 tautum
800 1612 835 1673 et
844 1607 940 1673 Ulixi
956 1611 1099 1691 cognitu,
1115 1629 1157 1673 an
1169 1610 1242 1693 ipse
1256 1611 1301 1674 sit
1314 1627 1386 1674 ma-

291 1713 385 1790 ritus,
394 1713 559 1796 explorat.
603 1713 635 1777 3.
658 1709 699 1774 In
714 1715 837 1776 coetum
851 1711 970 1775 deinde
984 1712 1196 1789 conveniunt,
1210 1718 1389 1795 totamque

290 1821 423 1879 noctem
437 1819 553 1878 mutuo
568 1830 720 1878 sermone
736 1819 943 1877 consumunt.
989 1812 1034 1876 Et
1058 1813 1137 1878 hinc
1161 1811 1296 1898 quidem
1318 1813 1386 1876 cle·

291 1935 374 1999 gans
388 1914 565 1997 replicatio
578 1914 742 1989 laborum,
756 1933 843 1996 qnos
853 1913 974 1980 Ulixes
988 1913 1133 1997 pertulit,
1148 1915 1231 1980 mira
1246 1916 1386 1980 concin-

290 2016 424 2082 natione
439 2015 614 2098 colligitur.

325 2206 419 2258 Natric
428 2207 593 2258 commdcltot
603 2207 745 2258 cormorlem
752 2219 824 2270 parra
834 2208 902 2258 erili.

325 2273 441 2336 Euryclia
450 2273 544 2334 autom,
554 2273 667 2322 aratiam
677 2274 738 2336 qaod
749 2273 841 2332 [actam
852 2276 913 2332 crat,
923 2269 1083 2334 expergefacit
1092 2270 1235 2332 Pcrrctopcrr.
1268 2269 1329 2324 Qaoe
1339 2283 1387 2318 roro

290 2337 372 2385 leniter
383 2337 472 2386 inducit
482 2337 510 2384 irr
518 2337 622 2386 animam
631 2335 753 2397 conjugem
763 2351 830 2385 ecam
840 2339 870 2384 ad
880 2351 905 2384 rc
914 2336 1042 2385 uenientem
1052 2349 1101 2384 cccc
1111 2335 1195 2397 ipram.
1226 2333 1387 2384 Periclitatur·

290 2415 347 2449 nam
357 2401 407 2462 ipcc
415 2401 449 2448 cit
459 2414 513 2448 cuae
523 2400 615 2464 cotriam
630 2415 661 2449 ca
670 2401 769 2463 matam
779 2400 930 2462 diaporr'tiaac
939 2400 1045 2462 thalami,
1055 2403 1079 2448 et
1088 2399 1137 2448 citro
1145 2400 1193 2448 tori
1201 2399 1320 2448 maritalia
1329 2402 1385 2447 noto

289 2464 336 2512 ridi
350 2465 468 2513 mmmm
483 2468 506 2511 ct
520 2465 598 2513 Ulixi.
631 2464 718 2513 Postea
734 2465 918 2526 congrediantur
934 2465 960 2512 r'rr
976 2465 1098 2525 Venerem,
1113 2469 1138 2512 et
1156 2463 1292 2525 transigeret
1309 2465 1385 2510 totam

289 2531 379 2576 nortem
388 2527 498 2590 coloquio
508 2527 632 2590 reciproca.
666 2529 700 2576 Et
711 2528 765 2575 inda
775 2528 869 2590 quidem
878 2533 976 2578 omarta
987 2528 1097 2592 repetitio
1108 2527 1221 2592 mamm,
1231 2541 1289 2592 paor
1300 2525 1385 2574 Uticae

290 2590 409 2654 tolerarit,
419 2591 566 2640 contrahitur
575 2590 676 2640 mamae
687 2590 809 2641 ircoitcte.

746 2725 926 2749 “oemunt

324 2824 336 2868 ι
355 2817 503 2884 Legendunr
514 2822 603 2868 monet
612 2817 752 2869 Bartlriuce
771 2819 841 2875 Quoi.

780 2945 890 2998 NOTAE

322 3049 336 3094 1
355 3043 527 3107 ctoaiaaao]
549 3042 663 3108 Ὗπερᾷον
690 3044 816 3096 Homero.
855 3045 920 3095 olea
937 3043 1058 3096 dedolata
1076 3050 1105 3096 et
1123 3043 1255 3095 elaborato
1274 3044 1306 3096 ab
1325 3045 1383 3108 ipsc

289 3120 330 3172 De
340 3120 389 3168 hcc
404 3119 460 3182 jam
474 3133 560 3183 cupra.
856 3120 944 3182 Ulixe,
959 3127 989 3170 ut
1005 3121 1080 3170 uxori
1097 3135 1150 3170 rure
1166 3135 1193 3170 re
1209 3121 1326 3178 tentanti
1340 3121 1382 3172 hic

321 3202 333 3230 ²
351 3195 460 3246 Geaictir
475 3195 556 3245 karli
568 3195 658 3260 parim]
672 3193 705 3246 lu
721 3200 816 3248 trunco
855 3196 964 3260 exponit
974 3197 1043 3261 opud
1055 3197 1207 3250 Homerum.

514 3445 704 3495 nnnrocrra
721 3446 834 3496 xxrv.
857 3446 1049 3496 onnsssrn.
1090 3431 1157 3498 468

375 3567 557 3634 Tartaream
571 3581 661 3635 cacat
673 3570 708 3635 ia
721 3569 819 3636 sedem
833 3569 991 3658 Cyllenius
1006 3572 1142 3638 umbras.

328 3688 360 3754 2.
384 3690 565 3755 Prooorum
580 3691 719 3768 animas,
743 3689 867 3756 recenti
883 3697 918 3757 et
932 3694 1100 3757 communi
1123 3694 1220 3760 caede
1240 3715 1379 3780 conges-

287 3799 353 3869 tas,
387 3793 581 3856 catervatim
612 3791 799 3858 Mercurius
827 3794 871 3858 ad
898 3794 1027 3861 inferna
1054 3796 1232 3880 compellit.
1282 3799 1379 3864 Tunc

285 3895 377 3960 circu
390 3891 670 3975 Agamemnonem
682 3894 803 3961 Manes
817 3895 944 3960 heroici
957 3894 1206 3979 congregantur.
1250 3898 1378 3966 Mirati·

316 4081 451 4132 Mermriar
459 4085 554 4134 dccocat
564 4083 590 4134 ior
600 4083 766 4136 habitationem
776 4085 849 4136 Erclri
859 4085 951 4136 animae
959 4101 1089 4151 procorum.

317 4147 454 4195 Mercurios
463 4148 517 4210 agit
526 4151 557 4198 ad
567 4148 661 4211 inseror
667 4153 790 4200 turmatim
800 4151 892 4200 animoa
899 4165 1023 4213 proceram
1031 4151 1188 4201 accamclatar
1195 4155 1276 4212 ctragc
1282 4148 1378 4209 matt,

285 4214 307 4259 ct
319 4211 434 4260 commoni
444 4212 475 4260 iio
486 4212 598 4263 canitae.
633 4213 697 4264 lianc
706 4215 795 4264 amira
805 4215 913 4265 Hcrcrrm
924 4217 1060 4266 cummiani
1077 4216 1164 4265 droam
1173 4214 1382 4278 Agamemnonem
