3016 4894
282 315 348 382 688
427 301 432 306 ’
513 365 523 382 .
744 329 899 378 susurru

280 473 432 539 Promoti
451 473 619 538 celebrata
636 471 732 537 ducis
754 470 796 536 de
813 472 957 549 nomine,
976 470 1098 536 laudet
1327 472 1374 536 40

281 575 370 638 Haec
386 575 446 638 tibi
461 593 529 638 nou
543 579 648 652 vates,
670 593 737 638 uon
749 572 937 650 historicus,
958 591 1066 654 neque
1083 577 1153 637 toto

283 673 373 738 Orbe
389 693 493 756 usgue
507 674 649 740 conviva
662 673 792 756 loquor,
816 672 874 736 sed
890 672 1009 736 traditu
1023 673 1155 738 multis:

281 774 331 839 Ut
343 775 492 852 solitum,
514 776 667 858 quotiens
680 774 807 840 dextrae
821 773 972 838 invitatio
984 793 1107 838 mensae

280 875 436 942 Solioitut
449 876 552 940 leuem
568 877 653 940 comi
672 894 823 940 sermone
839 875 986 959 Lyaeum.

279 979 368 1043 Haee
382 997 448 1042 nou
461 996 521 1060 por
535 977 668 1059 uulgum
683 975 763 1040 mihi
778 977 921 1056 cognitu,
936 993 1062 1059 perque
1075 973 1231 1060 popinas,
1327 977 1372 1040 45

282 1076 353 1144 Aut
366 1079 589 1162 parasitorum
603 1077 743 1158 collegio
755 1075 1000 1140 Pluutiuorum:

281 1179 348 1244 Sed
361 1180 467 1244 festos
482 1179 561 1262 quie
575 1197 668 1260 saepe
682 1177 753 1240 dies
769 1175 889 1259 purtim
901 1176 976 1257 ipso
991 1192 1137 1239 meomm

282 1281 437 1358 Exeolui,
458 1281 558 1364 inque
573 1278 680 1344 uicem
696 1277 839 1342 conviva
853 1282 994 1340 vocatus
1009 1274 1112 1353 odivi,

283 1381 419 1446 Natalis
434 1381 464 1445 si
478 1381 563 1445 sorte
575 1379 638 1444 tuit
652 1378 797 1443 solennis
813 1377 934 1454 amieo,

282 1481 641 1568 Goujugioquedupos,
662 1479 973 1561 uutsucrurepotiu
987 1482 1130 1560 petrum,
1325 1480 1371 1544 50

279 1676 371 1728 somine
389 1676 498 1726 ermes
515 1675 590 1726 lueis.
622 1673 677 1736 sp
695 1675 746 1724 tae
767 1673 811 1723 tili
830 1687 909 1733 uarro,
926 1687 971 1722 nou
985 1676 1012 1722 et
1027 1678 1105 1736 uoto,
1115 1687 1187 1735 seque
1197 1672 1373 1736 etiterum,

280 1755 353 1804 seque
363 1747 389 1790 ut
405 1742 472 1804 epulo
482 1741 615 1790 lumnam
629 1754 674 1802 per
688 1744 763 1788 tetum
773 1738 851 1787 erlem
862 1743 987 1796 temmm,
1003 1739 1044 1785 ted
1061 1751 1113 1800 quse
1126 1739 1205 1800 occepi
1219 1753 1235 1786 o
1242 1738 1371 1799 plurimis:

277 1807 467 1866 uomentem
476 1807 535 1854 tolet
543 1804 611 1868 fieri,
627 1803 717 1866 quoties
726 1802 835 1851 inettuio
845 1815 931 1852 meuse
939 1801 1041 1850 terrestre
1049 1800 1151 1861 inrugat
1161 1801 1241 1850 mitem
1248 1801 1370 1850 Bueeltunt

279 1867 363 1916 blundo
374 1869 491 1932 colloquio.
524 1869 581 1917 Non
591 1866 739 1916 Meutdiet'a
748 1865 821 1928 plebe,
829 1869 853 1914 et
860 1865 887 1913 ἐκ
894 1866 1011 1926 cupreis,
1019 1866 1057 1912 uel
1063 1864 1089 1914 itt
1098 1864 1194 1912 eoetilss
1200 1865 1371 1928 peremtum,

279 1933 359 1994 queue
369 1932 472 1981 Plautus
482 1933 588 1982 inducit:
606 1945 695 1991 vetum,
705 1929 813 1992 quonium
822 1942 883 1990 steps
896 1927 976 1976 utero
988 1928 1062 1988 settis
1072 1928 1152 1990 excepi
1166 1928 1269 1977 eouuiotu
1279 1927 1371 1990 reliquos

279 2009 310 2043 ex
320 1996 378 2070 mete
391 1996 535 2070 propinquis,
552 2000 577 2044 et
585 1995 689 2068 eiciemru
698 1994 813 2042 inuitatus
823 1993 853 2040 ul
863 1992 895 2040 t'ie
903 1994 939 2067 ud·
945 1992 1025 2054 epulus
1033 1990 1068 2040 ἑνὶ
1077 1992 1109 2039 ud
1118 2007 1166 2051 eos,
1176 1992 1198 2039 et
1208 1993 1275 2051 sorte
1283 1991 1370 2041 incidit

279 2059 367 2108 sutoltt
386 2061 437 2109 dees
452 2059 578 2109 celebratus
594 2059 624 2107 ab
639 2071 723 2123 umuu,
741 2061 765 2106 et
780 2057 853 2119 epula
872 2055 995 2120 nuptum,
1010 2055 1047 2104 uel
1061 2069 1135 2104 tuere
1150 2055 1221 2118 epula
1233 2059 1371 2120 perustum,

730 2201 912 2223 W

279 2316 361 2365 tuerit
379 2329 435 2364 este
454 2313 620 2364 femineum!
637 2316 756 2366 Flottdut.
776 2316 837 2368 vid.
856 2315 921 2365 Not.
941 2315 1070 2364 Vsu-40
1094 2313 1206 2364 Lssuutu
1226 2314 1368 2377 vulp-lu

279 2381 332 2428 Mt.
343 2379 446 2428 sollerte.
480 2380 593 2442 conjicit
612 2379 768 2438 Gronovius,
784 2380 901 2443 collipltt'u.
936 2379 1036 2428 collecte
1055 2376 1123 2426 forte
1139 2376 1198 2439 suit,
1215 2377 1297 2441 iuquit
1308 2379 1367 2428 Tol·

278 2443 338 2503 lius,
349 2443 375 2491 iu
386 2442 453 2491 libro
464 2457 512 2505 pro
525 2443 639 2505 Collegiu-
673 2444 741 2492 llius
753 2442 851 2493 tectum
868 2443 973 2492 collectio
992 2450 1019 2491 et
1037 2443 1207 2492 collecte-eo
1221 2442 1253 2491 In
1264 2448 1368 2493 vetusto

278 2506 444 2618 ssupduueusi
471 2507 536 2556 libro
564 2513 644 2556 eret:
670 2508 782 2571 reporttu.
820 2507 923 2571 Repett'u
948 2503 1066 2555 defendit
1089 2505 1271 2557 linetae-tl
1298 2505 1369 2556 Boreo

305 2584 358 2632 ug.
589 2573 606 2588 ⁶

761 2663 867 2716 uuus
922 2627 927 2636 ’

277 2775 346 2828 iuter
357 2783 386 2828 et
396 2775 555 2841 Bosphorum
564 2778 711 2828 Thracium.
842 2777 921 2828 oisuur
933 2776 1024 2827 tuisse.
1057 2777 1099 2826 Ibi
1114 2792 1171 2828 euru
1188 2776 1305 2841 degeret,
1320 2792 1368 2841 po·

308 2857 341 2902 4⁰
366 2854 474 2904 Promoti
489 2853 603 2903 seuleus
623 2853 690 2902 lueis
706 2856 735 2903 de
760 2869 801 2903 teu·
842 2853 894 2903 tuit
908 2853 1001 2902 ostreis
1020 2852 1108 2902 iuuene
1126 2853 1290 2916 Propontidis
1307 2859 1367 2902 sets

276 2927 351 2990 suine]
372 2927 407 2977 Et
428 2929 461 2978 sb
482 2943 513 2978 eu
533 2928 700 2979 Promotiens
721 2929 801 2980 diets.
841 2928 971 2992 generetis
998 2926 1090 2977 semum
1117 2929 1265 2990 conciliare,
1297 2928 1366 2978 uude

275 3003 327 3052 Sed
336 3002 369 3051 de
380 3003 417 3052 tris
429 3003 491 3053 nihil
502 3004 571 3054 alibi.
840 3002 1006 3053 Promotieue
1018 3002 1159 3054 dictasint.

308 3076 324 3106 ⁴
343 3078 450 3126 Protuott‘
472 3079 500 3126 ue
519 3077 623 3139 mutiet]
650 3078 710 3127 Nou
733 3078 800 3128 illius
872 3081 904 3126 lt
930 3075 1045 3139 Dextrae]
1076 3078 1210 3129 Visetur:
1237 3078 1368 3127 ‘Dextra

277 3165 352 3215 quem
371 3153 397 3200 iu
415 3151 470 3200 uite
485 3153 556 3202 Flev.
567 3152 651 3201 Mellii
661 3153 800 3210 Theodori,
840 3166 930 3202 meuse
941 3167 972 3200 eu
991 3153 1033 3202 hie
1049 3153 1083 3201 eit
1100 3153 1160 3214 elie,
1178 3167 1254 3217 quem
1270 3154 1367 3202 emico·

274 3239 302 3288 p.
323 3230 365 3274 ut.
392 3225 522 3274 Rubenius
542 3227 579 3275 sit
601 3241 668 3276 euno
689 3228 725 3276 D.
742 3231 800 3277 lue.
841 3226 1057 3287 ourum‚nesoio.'
1089 3227 1367 3291 Beneuentanum,

276 3298 405 3349 Pretorio
422 3297 582 3349 Profectum
596 3297 676 3349 fuisse
686 3300 800 3350 Areedio
841 3315 917 3362 quem
929 3306 991 3364 puto
1000 3299 1077 3363 hujus
1096 3314 1151 3348 esse
1167 3315 1279 3364 sensum,
1298 3310 1327 3350 ut
1338 3310 1367 3351 et

275 3380 304 3423 et
315 3373 407 3423 Anicio
419 3374 507 3424 Probo
519 3375 590 3424 Coss.
603 3373 673 3440 quod
684 3375 801 3426 ludiosut
840 3390 919 3428 eoeuae
930 3383 1018 3426 reotae.

275 3449 352 3497 vuriae
361 3447 419 3498 eod.
435 3448 604 3498 Theodosium
612 3451 693 3513 leges,
704 3449 801 3514 (neque
872 3454 905 3498 46
922 3451 1084 3500 Pumiles-um
1102 3451 1211 3513 collegia]
1231 3451 1269 3500 Ut
1284 3451 1366 3500 ‘Am-

200 3515 202 3522 '
275 3524 342 3572 euim
362 3532 479 3587 tempore
489 3523 677 3589 conventuum)
689 3530 716 3574 st
736 3525 800 3575 Pru·
840 3524 992 3588 bubejurum
1004 3526 1132 3589 collegis‚'
1140 3527 1209 3590 epod
1221 3527 1366 3579 Horatium.

274 3598 339 3648 moti
355 3599 424 3647 illius
444 3613 520 3663 quem
539 3599 667 3664 equitatui
685 3600 800 3650 Theodo·
871 3599 1048 3665 Pluutt'uorum]
1073 3601 1167 3652 Quales
1192 3601 1302 3651 Pleume
1329 3603 1367 3650 iu-

274 3676 326 3723 slus
344 3673 508 3738 praefecerat,
527 3667 714 3740 Consulemque
734 3690 800 3726 suno
840 3675 922 3737 ducit,
942 3690 1060 3726 escarum
1079 3677 1160 3727 omnis
1171 3677 1272 3739 generis
1283 3684 1312 3726 et
1322 3692 1366 3726 eu·

274 3751 541 3801 eeureuuutievitob
552 3750 636 3801 fusum
652 3749 800 3803 Odotheum
840 3749 974 3813 pedierum
995 3751 1243 3816 intelligentissimos
1268 3753 1367 3802 helluo·

273 3825 470 3875 Guthuuuurum
496 3839 593 3889 regem,
618 3833 799 3892 strenuumque
838 3839 894 3876 nes.

272 3900 393 3950 adversus
415 3901 556 3951 Maximum
580 3916 646 3952 euno
666 3905 799 3968 superiore
871 3908 903 3953 5⁰
919 3903 993 3952 &ere
1003 3905 1105 3969 repotia]
1117 3906 1209 3955 Festus
1221 3920 1237 3954 s
1247 3903 1367 3955 reficien-

275 3983 395 4028 uevstsru
417 3991 532 4042 operum.
569 3978 685 4028 Zosimus
709 3985 800 4029 ructor
838 3977 1028 4044 deputatione,
1045 3981 1146 4045 repetis
1157 3980 1213 4030 vult
1223 3980 1296 4031 dictu
1307 3995 1366 4030 esse

274 4059 316 4100 eet
336 4067 395 4102 eum
406 4053 437 4102 'iu
456 4052 565 4102 ’l'lrrsoie
584 4067 599 4102 e
617 4051 693 4103 Getis
712 4052 800 4102 Rufini
838 4054 977 4104 seeundum
997 4070 1013 4104 e
1030 4057 1126 4120 nuptiis
1144 4056 1222 4121 diem,
1238 4069 1296 4106 eum
1307 4071 1366 4120 pos·

273 4126 381 4192 scelere,
391 4128 433 4178 eui
447 4128 582 4193 colaphum
592 4128 745 4193 impegerat,
757 4143 800 4180 oe·
840 4127 1030 4194 tritlieuuptiss
1047 4130 1116 4196 sputi
1133 4146 1228 4182 uorum
1243 4132 1365 4182 meritum
