3016 4894
263 300 330 368 648
620 355 625 360 .
730 311 886 364 aucorem

263 459 353 524 Haec
369 478 505 542 quoque
519 457 725 542 temporibus
740 457 971 541 quinquennia
985 475 1085 522 sacra
1099 454 1268 522 notandis.

263 560 405 625 Isthmia
420 559 582 643 Neptuno
597 560 676 624 data
690 566 776 637 eunt,
796 567 832 624 et
849 558 973 643 Pythia
986 558 1134 636 Phoebo,
1341 559 1365 620 5

264 660 416 745 Ancipiti
430 661 521 726 cultu
536 660 700 726 Diuorum
713 661 948 743 hominumque
963 659 1119 743 sepultis.

265 859 968 936 commaneamsmmtoammmmm.
984 870 1366 930 murae-remorsurum

266 937 378 1000 Neptuno
388 940 490 1000 onmem,
501 939 601 1002 Pythici
610 952 663 986 nero
680 937 795 1000 Apollini,
804 942 875 1000 atque
890 937 909 984 ii
919 937 1057 985 cancelarii
1067 936 1175 984 instituti
1184 940 1238 985 nmt
1249 935 1276 984 in
1283 935 1366 998 ‹lapti-

265 1015 315 1050 eem
324 1002 442 1067 honorem,
454 1004 560 1052 Deorum
567 1002 666 1064 seilicet,
677 1007 700 1052 et
711 1001 829 1050 loomim
838 1005 991 1050 monumen.

761 1171 867 1224 NOTAE

266 1309 320 1370 nui,
343 1309 464 1360 instituta
486 1310 519 1360 ab
541 1309 655 1359 Hercule
675 1309 701 1358 in
722 1309 795 1359 Jovia
834 1314 889 1357 tum
899 1307 1036 1356 triennalia
1045 1306 1144 1356 Statim
1161 1305 1187 1354 in
1204 1303 1257 1354 flue
1267 1303 1313 1353 lib.
1324 1317 1368 1352 av.

267 1383 398 1446 honorem,
414 1392 474 1447 poet
495 1384 662 1434 interfectum
688 1386 795 1435 Nemeae
833 1381 959 1432 Thebaid.
979 1383 1062 1432 ‘Cum
1079 1382 1179 1431 trierem
1200 1380 1367 1444 Hypsipylen

268 1459 390 1515 Leonem.
412 1459 511 1508 Nemea
533 1460 637 1520 voluut3
666 1475 724 1510 cum
751 1460 796 1509 alii
834 1458 943 1509 ducibus
964 1457 1072 1508 andalus
1094 1457 1199 1508 Achivia
1220 1457 1320 1516 Ludna,
1337 1463 1369 1505 et

268 1532 528 1584 dicautiuhonorem
544 1535 695 1585 Archemori
713 1533 796 1585 infarr-
836 1540 1005 1584 atraeacruua
1026 1533 1118 1584 recolit
1136 1532 1252 1583 trieteris
1270 1530 1369 1595 Ophel-

268 1609 343 1657 tieea
362 1607 440 1658 initae
462 1612 571 1675 primum
592 1612 718 1662 instituta.
751 1612 796 1661 Vi·
836 1609 898 1660 ten!

269 1683 369 1734 «leudos
380 1687 478 1736 statiua
489 1688 536 1737 lib.
547 1687 629 1738 Theb.
640 1702 667 1738 v.
677 1693 707 1737 iet
719 1701 756 1737 vr.
769 1695 797 1737 et
868 1693 883 1734 ⁵
901 1687 1002 1737 isthmia
1009 1687 1131 1752 Neptuno,
1138 1684 1192 1750 lym]
1199 1684 1367 1734 Isthmiorum

268 1767 370 1814 reteren
382 1763 489 1812 Pindari
500 1765 656 1814 Scholiaste.
837 1770 971 1813 auctorem
997 1763 1040 1812 alii
1063 1763 1210 1826 Sisyphum,
1234 1759 1278 1810 elii
1296 1759 1368 1808 The-

300 1840 317 1885 t
343 1837 509 1902 Quinqoerma'o
533 1838 614 1901 encra]
642 1838 797 1903 Olympiaca
837 1852 909 1887 ocum
930 1839 1049 1902 Neptuni
1069 1837 1160 1901 filium,
1181 1837 1225 1886 alii
1243 1837 1307 1886 alios
1328 1834 1368 1884 fa·

269 1914 412 1963 certamine
429 1915 629 1980 quinquennalia
645 1915 734 1976 fniaae,
748 1915 797 1964 hoc
837 1913 920 1964 ciunt.

270 1994 321 2049 eat,
335 1994 360 2037 o.
371 2004 472 2054 quoque
484 2005 552 2039 auno
568 1990 654 2040 redire
669 1990 755 2051 solita,
770 1995 798 2038 et
871 1989 962 2054 Pythia
972 1989 1072 2052 Plroeho]
1089 1988 1189 2051 <tutat
1199 1983 1368 2040 tuberone.

271 2063 304 2112 ab
314 2063 346 2112 iia
361 2071 508 2115 numeratae
521 2049 603 2116 l'uisae
621 2065 799 2129 olympiadae,
839 2065 885 2114 lib.
897 2080 917 2117 r.
926 2065 1035 2114 Metam.
1054 2065 1191 2115 ‘Instituit
1200 2076 1287 2112 aacroa
1299 2061 1368 2110 cele-

270 2144 359 2188 uctum
377 2140 502 2190 omnibns.
534 2140 630 2204 Pythia
646 2141 800 2190 novennalia
840 2140 881 2191 bri
899 2141 1041 2191 certamine
1061 2140 1144 2203 ludoa,
1159 2137 1254 2202 Pythia
1274 2135 1371 2200 perdo·

271 2215 392 2277 primurn,
401 2214 494 2263 deinde
507 2216 705 2279 quinquennalia
715 2215 798 2265 fuere.
840 2219 912 2267 mitae
923 2218 1052 2281 serpentis
1062 2215 1167 2266 nomine
1177 2211 1278 2263 dictos!

271 2289 373 2338 Plinius
381 2304 483 2354 quoque
492 2289 537 2340 lib.
547 2304 586 2339 ιν.
598 2291 800 2356 quinquennalia
874 2298 891 2343 6
905 2293 1015 2356 Ancipiti
1031 2295 1104 2356 mure,
1120 2291 1175 2356 lym]
1192 2290 1259 2339 Vide
1278 2302 1369 2338 verene

270 2365 338 2415 facit
348 2366 463 2416 Isthmia.
495 2365 532 2416 At
542 2366 642 2416 Nemea
660 2365 725 2416 fecit
741 2374 798 2417 tan·
841 2382 901 2419 mox
912 2375 1058 2432 sequentes.

276 2654 376 2713 ouon
402 2657 526 2719 unna,
559 2657 625 2716 qur
651 2657 762 2704 sacar
788 2655 1368 2720 aconnssurrr,uraurrna1ens

586 2761 676 2808 nuni
703 2761 950 2809 unanimum.
994 2743 1059 2822 339
1456 2737 1459 2744 ’

274 2908 514 2974 Tauraurnm
530 2910 651 2994 Pelopi
666 2918 824 2975 moestum
839 2910 933 2976 dicat
947 2910 1021 2992 Elia
1036 2890 1207 2978 honorem.

219 3045 223 3052 ·
274 3010 470 3076 Archemori
486 3013 648 3078 Nemema
661 3013 775 3077 colunt
788 3013 1012 3096 quinquennia
1025 3013 1162 3078 Thebae.

273 3113 419 3180 Isthmia
435 3113 593 3188 defuncto
610 3114 779 3192 celebrata
794 3113 1002 3191 Palaemone,
1015 3107 1144 3190 uotum.

309 3315 363 3364 Elia
377 3329 494 3368 comeorot
504 3319 617 3380 sonetrea
626 3322 693 3370 lorice
703 3320 785 3382 Pelopi
788 3320 844 3384 pilio
857 3321 960 3370 Tantali.
982 3319 1066 3370 Thebe
1082 3318 1197 3370 celebrant
1208 3321 1273 3369 ledor
1286 3321 1371 3368 Neme-

278 3391 323 3426 oeoa
333 3381 512 3444 quioqumnolea
528 3386 554 3434 io
570 3385 679 3434 honorem
700 3384 846 3435 Archemori.
881 3385 971 3434 Notum
980 3390 1016 3436 eet
1027 3385 1152 3435 Isthmicos
1161 3385 1226 3434 loom
1236 3384 1372 3446 eraclaetoe

738 3557 920 3580 “momen

308 3655 321 3700 1
340 3653 382 3702 Sic
392 3653 457 3718 legit
466 3653 590 3720 Scaliger.

768 3763 879 3813 NOTAE

307 3887 472 3938 ll'ontolido
500 3889 594 3954 Pelopi]
627 3889 654 3942 Ia
682 3889 803 3942 Herculia
844 3891 1048 3955 ginua,Solirrue‚
1060 3891 1149 3943 etalii.

274 3969 406 4016 maternus
418 3973 508 4016 atavus
523 3974 589 4029 erat,
606 3973 684 4032 atque
704 3968 730 4016 in
748 3968 804 4031 ejus
876 3969 1014 4018 2Nemeoeo
1029 3967 1374 4032 colantqreiuqaennio1'lrie-

274 4039 395 4091 houorem
431 4043 581 4094 institutum
617 4043 649 4094 ab
687 4045 803 4096 Hercule
845 4043 1167 4094 teridemtameutautuur
1183 4044 1313 4096 Nemeaeio
1333 4059 1374 4093 aa-

276 4116 439 4181 Olympicum
468 4126 598 4170 certamen
622 4119 728 4170 tradunt
751 4121 804 4184 lly-
845 4119 1042 4184 aiquatstatiua
1055 4120 1110 4170 ioco
1122 4119 1325 4184 supralaudato.
