3026 4898
281 357 346 422 532
469 437 475 444 ·
754 361 905 412 ansourr

280 515 327 579 Et
339 509 470 586 modus,
492 514 526 572 et
541 507 684 590 genitrix
699 504 903 571 modulorum
917 502 1194 588 musiootriplex,

251 637 254 658 ·
281 615 395 680 Mixte
408 610 514 687 libne,
536 615 667 674 secrete
689 607 800 686 astris,
823 606 956 688 vulgate
968 605 1116 668 theatris.

280 812 344 858 rum,
357 794 481 856 amatia,
497 798 521 843 et
537 793 690 844 constellatio.
723 792 782 844 lise
791 796 848 842 aet
858 785 929 852 modi,
946 793 970 838 et
981 789 1076 840 Merito
1085 789 1137 851 ipso
1153 803 1239 852 porcus
1255 788 1376 838 mucram

281 861 370 927 triplex
379 864 424 924 cst,
440 874 468 909 eo
479 873 531 922 pue
541 857 609 908 Mus
617 857 707 908 inserto
716 862 760 920 eet,
775 871 803 906 co
815 871 867 920 que
876 859 964 904 semoto
974 857 989 902 o
999 853 1065 903 nolis
1074 855 1100 902 iu
1110 851 1223 904 sideribus
1232 851 1377 912 coematur,

776 994 883 1048 NOTAE

281 1106 311 1152 ut
321 1098 355 1149 ad
366 1095 505 1149 ternarium
517 1095 650 1157 reducant,
670 1092 808 1159 ‘positum’
847 1107 901 1154 res,
910 1090 955 1156 qui
971 1089 1040 1154 apud
1052 1088 1186 1140 Censorln.
1203 1102 1263 1151 cap.
1283 1090 1324 1136 lo.
1339 1092 1379 1137 to·

282 1175 394 1227 absurde
412 1168 810 1236 interpretenturconsideratio·
849 1175 903 1218 tum
932 1168 998 1216 hune
1022 1165 1145 1215 trundum
1175 1161 1379 1214 traditunnsiee

280 1265 350 1302 nem.
392 1248 509 1312 Triplex,
530 1246 658 1311 inquiunt,
685 1251 810 1294 estmrum
848 1243 948 1294 ratione
973 1241 1079 1304 lectum,
1109 1246 1258 1305 septemque
1289 1239 1378 1288 stelles

282 1324 474 1376 consideratio:
489 1337 547 1386 quse
559 1321 810 1384 distantiamque
849 1334 927 1382 vagas
938 1327 1038 1369 motum
1053 1317 1148 1367 irsbere
1158 1316 1276 1381 spem,
1293 1321 1321 1364 et
1339 1314 1379 1363 in·

281 1399 376 1463 forma,
386 1413 445 1464 qua
460 1396 603 1447 harmonia.
635 1394 810 1446 Atreroenm
852 1397 963 1446 tervallu
984 1395 1087 1444 musicis
1105 1394 1234 1444 distantiis
1254 1407 1377 1456 congrua,

284 1474 355 1539 apud
373 1473 532 1534 Lucretium,
550 1469 675 1534 Trrlliour,
698 1469 813 1532 diesque
851 1471 990 1521 sesonitus
1002 1470 1122 1529 reddere,
1136 1485 1183 1535 pro
1194 1483 1379 1534 snaqpernqne

283 1549 397 1600 melioris
413 1552 483 1598 note
510 1546 650 1610 scriptores
680 1542 812 1606 ‘positos'
852 1545 1002 1608 altitudine,
1013 1546 1050 1596 ita
1061 1545 1213 1608 concordes,
1224 1552 1254 1596 ot
1264 1544 1381 1598 drrleissi·

282 1622 352 1674 idem
370 1623 406 1674 sit
423 1635 454 1670 ac
475 1616 585 1680 ‘sitne’
599 1619 651 1668 iste
669 1631 813 1682 proponere
850 1635 918 1672 mam
935 1621 1076 1672 concinant
1096 1621 1241 1678 melodiam,
1252 1624 1301 1672 &e
1335 1620 1380 1670 De

283 1695 407 1748 refellere
429 1698 478 1747 est.
521 1694 580 1746 Nec
607 1691 688 1756 magis
713 1691 813 1742 arridet
852 1698 897 1748 ille
919 1698 976 1763 ipsa
994 1699 1127 1748 henuouia
1148 1696 1234 1748 Poiita
1253 1695 1378 1746 inferius:

285 1771 432 1824 emendatio
450 1785 526 1836 quem
543 1767 664 1832 proponit
682 1767 768 1815 Minoo
778 1781 812 1816 el
853 1774 971 1822 ‘neci-eta
980 1772 1076 1834 astrisss
1091 1776 1142 1823 dio.
1174 1770 1217 1822 An
1228 1787 1287 1836 quae
1299 1769 1380 1820 affero

284 1842 812 1912 Pupioauo,cujustautilecitinMsthe·
851 1848 956 1898 meliora
974 1848 1027 1898 sint
1045 1849 1150 1910 notatis,
1166 1846 1295 1897 nodumre
1312 1847 1381 1897 nodo

283 1925 387 1976 rusticis
393 1923 530 1989 judicium,
539 1927 569 1971 ut
580 1917 650 1983 epod
661 1918 744 1982 ipsum
755 1919 812 1982 plus
852 1930 879 1974 et
896 1925 953 1988 ipse
973 1923 1184 1988 permanserim,
1199 1923 1307 1973 lectoris
1322 1929 1380 1972 esto

284 2016 336 2051 non
346 2000 431 2048 valeat
443 1995 557 2046 Eucildis
569 1994 719 2056 auctoritas,
730 2003 757 2044 at
767 1993 812 2059 qui
847 1993 984 2062 judicium.

284 2075 406 2127 metricas
417 2075 489 2136 leges
509 2063 598 2135 piarum
616 2075 732 2118 uouerat.
764 2070 814 2118 Re·
887 2072 993 2136 Positus]
1009 2072 1040 2121 In
1052 2071 1175 2134 Zodiaco,
1191 2073 1232 2121 rel
1243 2079 1320 2122 extra
1331 2072 1380 2122 Ζο-

288 2151 363 2214 ponit
387 2148 476 2212 igitur,
497 2147 531 2193 Et
549 2149 635 2194 murts.
676 2144 742 2194 Ques
764 2158 814 2192 rou
854 2147 966 2210 diacum,
984 2147 1009 2195 iu
1029 2145 1199 2211 Boresli,'rei
1218 2147 1245 2197 in
1263 2147 1381 2198 Australi

286 2224 423 2284 citinella,
433 2218 585 2282 utait‚lruic
597 2220 654 2268 loco
662 2217 816 2279 cohaereret,
854 2223 913 2274 soell
924 2231 1009 2285 purte,
1019 2225 1069 2272 oro.

286 2298 431 2364 rejicienda
452 2303 547 2358 tamen,
566 2294 636 2359 quod
653 2307 685 2342 ee
705 2293 815 2344 admissa
885 2299 1025 2362 Distentis]
1047 2299 1099 2348 Vel
1118 2298 1230 2349 siderum
1257 2298 1327 2348 iuter
1353 2313 1382 2349 se

287 2374 443 2426 suetrirutlo
454 2371 721 2421 nullatenusconstnt.
745 2369 814 2419 Natu
853 2381 1077 2439 comparatorum
1095 2375 1137 2424 sei
1155 2375 1280 2425 distentia
1296 2389 1312 2423 a
1329 2375 1382 2438 pri·

286 2449 420 2513 sequiturr
440 2447 491 2496 ‘Et
502 2441 633 2508 genitrix,'
645 2446 696 2494 tire.
718 2444 816 2494 'l'ollius
853 2465 896 2500 mo
907 2448 1121 2514 punctoArietis,
1131 2448 1180 2498 lroe
1189 2455 1240 2512 est,
1246 2448 1383 2512 longitudo

287 2527 575 2590 quemuosterseoutur
594 2519 750 2582 est‚oodnm
765 2522 816 2570 sol·
854 2539 945 2576 eorum
964 2525 992 2574 iu
1011 2525 1097 2586 cusio;
1113 2526 1155 2574 rel
1171 2523 1383 2575 distentiaazo·

286 2616 351 2654 rere
367 2615 395 2652 se
415 2599 556 2650 arbitretur
574 2597 626 2647 elie
639 2596 815 2648 distinctione.
856 2601 941 2663 diaco,
952 2599 1000 2650 hoo
1011 2608 1157 2662 est‚eoruur
1166 2601 1285 2652 latitudo.

288 2678 369 2742 Legit
384 2678 446 2729 illes
475 2675 573 2738 Triplex
594 2673 815 2739 simmatus,
887 2676 986 2740 Forum]
1003 2676 1137 2741 Μόρφωσις,
1155 2677 1239 2728 forme
1257 2677 1384 2738 signiaco

288 2753 412 2812 ommis,
425 2751 516 2812 sumo.
558 2749 664 2800 Deinde
693 2749 816 2812 conjunc·
855 2753 1058 2802 constellationis
1073 2767 1149 2818 quem
1163 2754 1238 2803 steila
1256 2753 1384 2803 corneliis

288 2829 350 2880 tim:
369 2829 404 2880 El
414 2829 504 2890 medus,
518 2830 543 2876 el
552 2825 665 2887 genetrix
674 2826 817 2895 modeim
855 2829 1008 2894 quibusdam
1019 2829 1101 2878 stellis
1117 2829 1264 2887 constituit.
1276 2835 1305 2878 ut
1321 2829 1384 2878 Del-

288 2907 377 2956 usasieu
398 2904 496 2968 trtptea
536 2901 652 2952 Acutum
667 2915 735 2960 sene*
750 2915 818 2951 conr·
857 2904 937 2968 puisi,
957 2903 1029 2966 Arre,
1046 2905 1166 2972 Coronae,
1187 2906 1274 2968 cauis,
1297 2905 1383 2968 Urere,

288 2986 413 3030 mentum.
446 2979 511 3030 eris
528 2984 614 3028 antem
627 2977 818 3039 isteintelligat
856 2978 963 3040 Arietis,
980 2982 1029 3031 &u
1074 2971 1076 2976 ’

289 3054 407 3104 absolute
417 3054 505 3103 dictu:
523 3053 649 3116 ‘Triplex
668 3052 817 3103 sideribus!
887 3057 920 3102 to
937 3055 972 3102 nt
987 3052 1079 3116 modus]
1102 3054 1134 3105 In
1155 3053 1256 3104 Musica
1275 3054 1383 3124 triplex.

289 3129 453 3192 illudest,ui
464 3127 816 3190 failor,nodumsecare‚non
856 3127 977 3192 intellige
998 3130 1132 3193 primarios
1147 3130 1247 3191 modos,
1265 3129 1384 3194 Dorium,

289 3205 399 3254 solvere.
431 3202 580 3266 Lugendum
596 3202 675 3265 igitur
693 3203 815 3267 arbitror,
856 3203 1008 3268 Phrygium,
1027 3206 1148 3270 Lydium,
1166 3220 1183 3255 a
1208 3205 1300 3272 quibus
1318 3206 1384 3260 alios

289 3285 320 3329 ut
341 3279 395 3328 dixi
411 3279 526 3341 sylvium
542 3283 570 3330 et
585 3277 701 3328 Minoem
720 3279 816 3343 legere,
855 3277 1010 3343 profluxisse
1022 3282 1119 3334 volunt.
1195 3277 1198 3282 ’

289 3367 335 3405 eeu
357 3353 454 3417 potius,
473 3359 502 3403 nt
517 3352 564 3414 illi,
584 3353 777 3418 interpungere,
788 3362 817 3406 et
898 3355 969 3407 *Es
989 3358 1098 3419 generis
1118 3360 1261 3410 modulorum
1288 3359 1385 3410 Murice

290 3427 324 3478 ad
342 3428 453 3478 siderum
471 3428 591 3492 positum,
601 3429 626 3476 le
639 3429 763 3493 senties,
776 3445 816 3480 re·
855 3436 955 3500 triplex]
971 3434 1074 3484 Musica
1085 3434 1207 3484 definitur
1217 3451 1234 3484 a
1248 3433 1385 3486 cassiodo-

289 3503 397 3554 iereoda
418 3503 603 3567 ‘distantiam'
627 3503 771 3568 ‘forment'
788 3513 817 3556 et
856 3525 885 3561 so
901 3511 968 3560 bene
984 3509 1143 3574 modulandi,
1164 3521 1384 3575 numerorumque

290 3579 427 3630 ‘modum'
438 3579 746 3646 Etsaneaposiluliquet
754 3595 817 3645 pen·
856 3586 971 3646 seientia,
983 3584 1229 3651 distribuitnrqnein
1243 3585 1384 3635 Harmoni-

290 3653 476 3704 dereeiderum
494 3653 675 3705 ‘distendam'
705 3657 816 3706 Rursum
857 3659 1125 3723 cam‚erytirrnicem,
1137 3667 1164 3710 et
1185 3661 1384 3712 Crusmuticsrn.

291 3727 325 3778 ab
344 3729 433 3779 eodem
449 3730 501 3779 situ
516 3729 615 3793 pendet
632 3730 748 3794 ‘formu'
763 3747 816 3782 non
854 3734 918 3784 'l'res
928 3735 1005 3784 etiam
1017 3735 1127 3784 Musicae
1146 3743 1232 3798 partes
1242 3734 1308 3785 facit
1318 3736 1384 3787 Plu·

290 3805 393 3868 quidem
413 3805 439 3855 in
456 3821 484 3855 se
501 3812 627 3870 spectata,
642 3805 687 3855 sed
706 3807 814 3859 aliorum
854 3809 958 3859 tercius
984 3808 1029 3859 lib.
1060 3809 1095 3858 ds
1120 3810 1213 3863 Music.
1241 3811 1384 3874 Diutouou,

290 3880 404 3930 siderum
423 3887 552 3944 respectu.
585 3880 730 3932 Qnisenim
743 3880 816 3933 dubl·
857 3883 979 3948 chroma,
1001 3890 1029 3934 et
1046 3886 1223 3936 Harmoniam.
1262 3887 1332 3938 Quin
1354 3893 1384 3937 et

290 3962 330 4004 tat
341 3957 439 4006 variare
451 3956 552 4020 pheses,
571 3971 628 4021 quae
644 3956 755 4007 siderum
770 3958 816 4008 ell-
856 3960 991 4010 ‘modulos
1004 3961 1125 4025 tripiexs'
1141 3962 1384 4026 Doricusquisere·

290 4041 416 4094 quatenus
438 4032 523 4083 forms
542 4039 611 4096 sunt,
632 4047 679 4097 pro
708 4034 814 4098 positu?
856 4051 899 4086 rus
911 4037 1064 4102 gravisqus3
1083 4036 1181 4100 Lydius
1193 4038 1236 4103 qui
1248 4044 1338 4090 acutus
1353 4045 1383 4087 et

291 4107 425 4158 ‘Modum’
441 4108 552 4174 denique
568 4122 613 4159 seu
627 4116 781 4161 concentum
801 4125 816 4160 e
855 4111 937 4162 luctui
956 4111 1176 4174 accommodatus;
1193 4114 1322 4180 Phrygius
1338 4115 1383 4179 qui

290 4184 380 4246 positu
397 4185 511 4250 pendere
521 4190 614 4238 auetor-
629 4191 670 4238 est
686 4185 816 4253 Pythago·
856 4188 932 4237 lusus
941 4193 970 4237 et
979 4186 1074 4238 suroris
1082 4188 1184 4252 plenus.
