3000 4882
277 363 342 429 too
741 369 897 420 ausonia

277 521 442 588 misceret
486 517 610 584 Valetc
623 515 722 580 modo
739 515 866 580 classes
879 512 1009 597 populi,
1035 518 1070 579 et
1083 511 1283 576 urbanarum
1295 510 1371 574 Tri·

278 623 379 687 buum
395 620 652 706 praerogativae,⁰
665 623 700 680 et
715 616 879 682 Centuriae
888 615 965 708 jura
980 618 1121 678 vocatae.
1166 611 1253 690 Quae
1269 613 1372 676 comi·

279 724 328 788 tia
345 723 496 806 pleniora
510 739 656 803 unquam
680 719 825 796 fuorunt,
842 736 944 800 quam
959 715 1084 797 quibus
1108 714 1264 797 praestitit
1277 714 1372 778 Deus

279 823 467 900 consilium,
491 821 679 904 Imperator
692 819 911 902 obsequiuml
955 817 1008 880 45.
1032 815 1077 880 Et
1090 835 1176 881 nuno
1189 835 1265 896 ego,
1288 816 1373 899 piis·

280 926 363 990 sime
378 923 573 1006 Imperator,
589 941 630 984 ne
643 920 816 1000 fastigium
832 917 990 1000 auditorii
1006 917 1115 982 sacri?
1136 917 1297 980 dictorum
1319 923 1373 980 tu·

281 1044 376 1090 orum
401 1023 537 1088 timidus
561 1021 725 1102 interpres
755 1019 929 1096 offendam,
966 1018 1148 1085 divinitatis
1173 1025 1241 1082 tuae
1268 1037 1374 1100 prope

282 1132 394 1192 oum¹4
414 1123 572 1206 piaculoq
593 1123 696 1188 verba
717 1126 921 1186 transcurro.
964 1121 1018 1184 46.
1042 1117 1127 1184 eun
1154 1136 1203 1185 na
1226 1119 1373 1186 tonso-

285 1243 407 1302 nraus,
434 1225 559 1308 inquis,
581 1240 621 1287 ru
647 1239 782 1288 annon
807 1237 1023 1292 onennnrs..
1062 1220 1205 1290 Erudita
1230 1241 1313 1300 vox,
1341 1233 1375 1290 et

283 1350 364 1394 cura
388 1327 602 1392 solennisl¹⁵r
645 1325 767 1390 Sonus
792 1341 924 1388 mucuns
949 1340 1195 1394 venusinum·
1238 1322 1270 1386 0
1295 1342 1374 1410 pro-

282 1430 377 1496 fundi
392 1428 532 1494 altitudo
548 1427 668 1493 secreti
680 1428 688 1492 l
702 1423 728 1468 ¹⁶
761 1425 881 1490 Habes
896 1445 972 1508 ergo
987 1425 1248 1503 consiliatorem,
1260 1433 1296 1490 et
1307 1446 1375 1500 noa

285 1625 391 1678 barbaris
400 1624 492 1675 cautus
505 1639 558 1674 cum
568 1622 644 1672 uerbis
654 1621 728 1684 prisci
738 1626 808 1672 amaa
822 1622 879 1671 ‚lam
889 1621 964 1670 valete
974 1621 1058 1670 classes
1071 1621 1161 1684 papali,
1172 1625 1197 1670 et
1211 1621 1377 1684 praerogatiua

285 1691 398 1740 monam
408 1690 557 1746 urbanarum,
569 1693 593 1737 et
606 1688 726 1736 Centurio
738 1686 794 1746 jure
804 1691 900 1735 uocatae.
935 1685 1048 1741 Quanam
1064 1699 1165 1747 uuquam
1175 1685 1270 1734 comitia
1285 1685 1377 1747 perfec-

283 1756 346 1804 tiora
352 1755 460 1814 suerunt,
469 1768 538 1816 paam
548 1769 576 1802 eo
586 1755 611 1800 iu
622 1750 703 1815 quidue
714 1752 780 1802 Deus
792 1749 895 1814 prebuit
905 1751 1072 1809 consiliumet
1083 1749 1214 1811 Imperator
1223 1749 1327 1798 atemere
1338 1748 1378 1802 et?

284 1819 378 1878 cham
393 1835 443 1880 ego,
455 1818 570 1880 Princeps
579 1816 692 1880 piissime,
703 1830 732 1864 ne
741 1829 831 1878 peccem
847 1817 956 1864 adcmsua
966 1815 1095 1863 cebitmem
1105 1813 1173 1874 lapus
1181 1815 1244 1862 sacri
1254 1815 1381 1878 auditorii,

285 1886 421 1946 explicando
432 1883 564 1931 meticulose
574 1887 615 1930 tuo
623 1881 701 1940 amba,
710 1893 820 1941 percurro
830 1893 896 1928 uoces
906 1884 954 1928 tuae
962 1877 1098 1938 Maiestatis
1106 1892 1173 1940 pene
1182 1893 1233 1926 cum
1243 1878 1377 1940 madegio.

286 1949 351 1996 Cum
363 1947 395 1996 de
407 1946 526 1996 creandis
543 1944 695 1994 Consulibus
711 1947 737 1991 in
755 1958 859 2006 aunum,
869 1943 953 2006 inquis.
970 1942 1066 1992 ¹Oratio
1081 1943 1159 2004 docto,
1170 1947 1194 1990 et
1209 1943 1332 1992 miltitudo
1342 1959 1379 1992 so·

287 2011 364 2060 kanis
374 2008 535 2072 Imperatori?
559 2011 633 2058 Solus
650 2008 789 2056 meditarer
800 2008 868 2070 apud
881 2023 930 2056 me.
960 2007 983 2054 0
996 2006 1146 2070 masuurtitae
1153 2006 1234 2054 arcani
1247 2006 1332 2056 intime
1339 2007 1379 2056 ab·

285 2075 349 2126 diti!
366 2075 448 2126 Habes
457 2076 535 2137 igitur
545 2073 712 2137 consiliarium,
723 2077 747 2121 et
757 2087 803 2120 nou
815 2073 884 2122 timer
892 2071 1045 2135 proditorem.
1073 2071 1110 2119 Ut
1118 2071 1169 2119 scis
1179 2085 1220 2119 me
1230 2072 1313 2134 sobre,
1322 2073 1379 2135 puid

734 2229 915 2250 ”noeoeane

231 2377 233 2382 .
286 2338 329 2382 ut.-
345 2330 414 2380 rande
425 2329 1066 2394 existimatbascopulasablibrerioinsertas-lt
1083 2325 1380 2380 Credit‘l'olliusfnisse:

286 2397 421 2446 divinitatis
428 2402 475 2446 tua
483 2397 659 2458 propemodum:
675 2395 800 2445 inlibris:
818 2397 841 2442 d.
852 2399 900 2444 tua
908 2394 1002 2457 probem
1011 2397 1159 2457 cuma-15
1175 2395 1183 2420 ⁴
1196 2393 1328 2442 Omittunt
1338 2390 1381 2440 alii

286 2461 347 2508 libri
359 2461 417 2521 ista,
426 2465 449 2510 et
457 2475 513 2508 cura
523 2460 635 2508 sumnia:
651 2460 800 2522 leniuntque,
810 2465 833 2508 et
845 2475 897 2508 rum
907 2461 969 2509 solus
980 2473 1077 2508 raecum.
1101 2459 1158 2520 Ego
1171 2456 1380 2518 virescentem

286 2539 339 2573 curu
353 2525 421 2583 mins,
438 2523 514 2572 tacite
531 2523 646 2586 potuisse
663 2523 728 2582 tieri,
746 2528 770 2572 et
787 2537 843 2572 rura
858 2524 972 2574 saurais.-
990 2521 1118 2586 superflua
1128 2529 1214 2574 maren
1225 2523 1268 2571 vix
1281 2528 1380 2584 putem.

288 2589 367 2638 Certe
378 2587 400 2636 si
408 2587 491 2636 aliena
501 2587 556 2646 illa,
567 2601 616 2636 uon
629 2586 714 2648 video,
725 2586 786 2650 quid
799 2588 849 2636 iste
859 2588 901 2636 hic
910 2587 1018 2647 faciant,
1028 2593 1052 2636 et
1063 2603 1122 2636 cum.
1148 2587 1208 2638 Non
1218 2585 1337 2650 protecto
1347 2584 1380 2634 aa

287 2652 551 2716 nexumsequentiuru
568 2651 654 2715 posuit
663 2650 802 2712 Ausonios,
812 2650 856 2716 qui
872 2652 935 2700 uilril
953 2653 1006 2700 tale
1020 2652 1094 2702 addit
1105 2653 1130 2700 iu
1143 2652 1256 2716 reliquis.
1280 2651 1315 2699 Ut
1327 2663 1380 2698 om·

287 2717 349 2767 nino
367 2715 480 2779 credam,
498 2716 613 2778 legitima
631 2730 698 2776 esse,
715 2721 739 2766 et
756 2730 813 2765 cura
828 2716 941 2766 sabania:
959 2732 1016 2766 cum
1028 2723 1056 2768 et
1067 2717 1153 2766 sensui
1169 2716 1269 2780 optimc
1287 2725 1381 2764 coure-

288 2781 369 2842 niant,
386 2788 413 2830 et
425 2787 477 2829 tam
488 2777 567 2830 facile
577 2780 677 2830 solennis
687 2781 821 2830 occasione
832 2781 875 2828 τοῦ
886 2783 948 2830 solur
956 2783 981 2830 in
994 2782 1051 2828 aliis
1062 2781 1156 2840 omitti,
1167 2789 1195 2830 et
1211 2795 1267 2830 cura
1283 2779 1309 2828 in
1328 2791 1381 2826 cam

288 2844 383 2894 mutari
395 2845 600 2910 potuerit,quaur
612 2846 636 2892 in
649 2845 706 2894 aliis
717 2845 807 2894 eadem
818 2845 852 2893 ob
863 2847 970 2894 eandem
983 2845 1113 2894 literarum
1131 2844 1323 2894 similitudinem
1336 2856 1382 2905 ge·

288 2908 399 2959 minari.'
420 2911 548 2959 Acidaliae.
564 2909 624 2957 Vid.
635 2907 683 2958 inf.
698 2915 726 2958 et
747 2911 808 2958 Not.
825 2910 954 2958 Van—16
971 2909 1110 2958 Vossianus
1121 2911 1202 2958 alter:
1218 2909 1317 2957 altitudo
1328 2921 1382 2954 cau·

288 2975 353 3024 ulii:
371 2975 437 3039 quod
448 2989 498 3023 nou
510 2973 708 3036 admittendum,
720 2973 803 3038 inquit
814 2973 921 3036 Tollius,
934 2973 972 3022 uti
990 2980 1063 3038 patet
1073 2987 1106 3022 ex
1118 2987 1150 3023 eo
1165 2973 1234 3038 quod
1244 2971 1379 3037 sequitur:

781 3120 886 3172 NOTAE

322 3216 499 3266 ⁰Urbouarum
513 3216 624 3266 tribuum
640 3218 815 3282 praerogatiuae,
857 3218 982 3281 rogativae
1005 3217 1174 3268 dicebantur:
1200 3218 1269 3283 qrrod
1291 3219 1381 3283 primae

288 3294 444 3343 etcerrtarioe
459 3292 624 3356 jurecocatoe]
643 3294 815 3345 Huaclocnm
857 3305 1018 3359 rogarentur,
1044 3310 1108 3359 quos
1137 3296 1233 3344 vellent
1258 3295 1382 3345 Consules

290 3367 505 3430 explicantem
523 3370 815 3432 eaqrraasuprauotari
856 3369 921 3418 fieri.
952 3370 1081 3419 Secuudae
1096 3371 1157 3434 jure
1177 3379 1290 3420 vocata:
1313 3371 1381 3436 qnod

291 3445 324 3496 ad
340 3445 492 3494 barrocesr
511 3444 669 3496 ‘centurias
686 3459 735 3495 uon
754 3446 815 3495 adu·
856 3446 882 3496 iu
903 3447 952 3506 his,
978 3453 1101 3510 sentiente
1128 3446 1234 3508 populo,
1261 3452 1291 3495 ut
1312 3461 1382 3510 saepe

288 3521 350 3583 lavi,
362 3521 422 3584 jure
433 3521 667 3571 vocatisclaasibue
678 3523 816 3574 nonintre-
856 3522 993 3584 contingit,
1017 3522 1248 3584 Prarogetivarum
1267 3525 1383 3574 volunta·

213 3601 216 3614 '
290 3595 367 3658 anni3'
394 3589 449 3647 tum
475 3597 531 3645 haec
552 3595 658 3646 Asconii
688 3596 815 3646 Pediaui:
855 3605 918 3656 tenu,
929 3597 1307 3660 jureomniscouaplerentur.'

290 3668 495 3734 ‘Praerogatirae
518 3676 579 3720 suut
597 3669 708 3733 Tribus,'
724 3669 817 3734 inquit,
887 3674 1120 3737 tAuditon'imcri]
1138 3673 1286 3724 Aridientiae
1298 3675 1385 3740 Impe-

290 3752 368 3814 ‘qnae
379 3753 469 3814 prima
481 3749 629 3814 suffragium
649 3747 735 3798 ferunt
754 3757 816 3800 ante
853 3750 933 3800 rialis.

285 3829 346 3892 jure
357 3838 472 3878 vocatas.
504 3829 562 3876 Mos
579 3827 647 3876 euim
658 3824 754 3890 fuerat,
764 3842 815 3891 qao
889 3832 901 3868 i
918 3825 995 3887 Prope
1010 3839 1061 3874 cum
1078 3821 1183 3888 piaculo]
1200 3825 1280 3877 Quasi
1293 3841 1343 3876 nou
1355 3828 1384 3876 li·

288 3901 427 3953 faciliusin
445 3904 555 3953 comitiis
572 3903 709 3952 concordia
728 3905 816 3966 populi
856 3910 914 3955 cent
936 3903 1037 3950 mortali
1060 3917 1135 3950 secra
1157 3903 1201 3952 illa
1223 3903 1311 3952 Diviui
1334 3906 1384 3954 oris

290 3979 448 4039 firmaretur,
473 3979 532 4028 bina
552 3979 653 4028 omnino
673 3979 706 4030 de
726 3979 816 4030 iisdem
857 3977 1001 4028 verbosius
1014 3977 1147 4040 sacrilegio
1159 3984 1290 4042 repetere,
1306 3987 1335 4032 et
1354 3981 1384 4032 iia

291 4055 443 4104 Candidatis
464 4055 568 4104 comitia
595 4053 660 4104 fieri.
701 4056 817 4108 Qarorum
857 4053 1100 4102 diutiusinharrere.

289 4130 381 4178 Tribus
401 4132 491 4193 primae
514 4131 595 4193 [sorte
615 4130 715 4180 scilicet
732 4131 818 4193 lectae,
889 4130 1018 4180 ‘Erudita
1035 4144 1089 4187 uox,
1106 4134 1128 4178 et
1144 4132 1325 4195 curasoteueis]
1341 4133 1383 4183 Sic

292 4210 321 4253 ut
332 4219 363 4253 ex
379 4219 456 4268 supra
476 4204 617 4254 observaris
634 4205 719 4268 patet]
744 4207 817 4257 Prae·
857 4204 955 4254 Tollius
971 4219 1002 4254 eu
1018 4205 1084 4256 libro
1096 4205 1231 4256 vossiano.
1264 4208 1312 4256 Cui
1325 4223 1383 4258 cou-
