2998 4884
583 339 762 388 antimi.

125 479 661 561 'l'resin'frinaoriesimdones3
683 481 922 546 omniatemu:
1170 483 1214 550 20

127 680 181 727 qua
191 663 275 715 imme
286 664 364 714 onais
381 665 494 730 triplicia,
503 669 557 714 aaut
565 665 629 714 *uem
641 670 690 715 tres
705 680 768 729 aces,
779 670 828 716 tres
841 665 957 730 umidea,
975 671 1023 720 tres
1032 666 1208 730 amaeam·

581 821 759 846 ammom

123 925 194 968 terno
214 919 400 970 stemma-2⁰
417 920 540 970 ‘Memini
558 921 583 970 io
602 922 687 972 veteri
705 921 772 970 libro
787 935 828 971 me
848 921 920 970 iilum
941 933 1041 971 varium
1057 921 1096 971 ita
1106 921 1208 984 legere:

127 983 185 1032 ires
196 983 222 1031 ia
234 983 357 1032 Μαι-ιιι
367 984 506 1034 Siredoses:
522 986 601 1034 ousian
611 986 684 1035 trina.
717 988 788 1048 Ergo
802 999 865 1050 quas
875 985 917 1034 alii
928 984 1031 1042 Siccam
1043 984 1099 1096 iBse
1111 985 1209 1036 Sisaio-

122 1054 262 1096 aesrocat.
295 1048 329 1096 Et
346 1061 408 1096 sera
424 1055 464 1098 eat
481 1049 624 1100 iilalectio.
657 1049 759 1114 Alioqui
781 1048 933 1099 inconcinna
948 1054 1013 1098 erat.
1073 1048 1132 1098 ictae
1144 1050 1213 1099 euim

121 1110 176 1158 siue
187 1110 266 1160 dubio
276 1109 402 1160 fflredoues
411 1112 484 1176 quad
495 1111 647 1176 sensatim.
682 1111 731 1162 Am
752 1114 835 1164 lector
846 1112 940 1161 etiam:
959 1113 1037 1162 omisa
1048 1112 1128 1162 triae?
1149 1113 1211 1162 Soa-

122 1173 199 1236 ligor.
230 1172 291 1223 Vid.
310 1174 359 1226 inf.
378 1175 721 1227 Sirmidesomniuoecriben
741 1192 783 1227 nm
795 1175 1008 1227 monetVossius.
1043 1175 1129 1225 ousta
1144 1181 1211 1226 teras

614 1318 719 1370 NO'I'AE

119 1427 181 1478 dem
197 1427 389 1478 similitudinem
406 1429 528 1494 temporis
540 1428 646 1481 reseras.
688 1431 737 1480 teri
748 1430 848 1480 codice.
872 1431 982 1481 Vinctus
993 1430 1211 1492 sumtuum·

120 1505 201 1568 Nam,
219 1504 289 1569 qnod
308 1505 334 1554 in
353 1504 411 1556 ineo
433 1505 578 1570 perfeetum
596 1512 646 1568 eat,
687 1506 816 1569 Sirenides,
832 1513 860 1556 et
877 1505 1002 1571 intelligit
1012 1506 1140 1570 scopulos,
1156 1507 1212 1558 aira

118 1579 250 1642 praeteriti
275 1581 399 1644 temporis
420 1579 497 1631 habet
519 1580 645 1643 speciem:
686 1587 774 1643 petras
792 1595 855 1644 quas
873 1579 1083 1632 inhabitaverunt
1098 1581 1210 1644 Sirenes,

118 1660 146 1705 et
159 1656 229 1720 quod
241 1661 375 1721 torquetur
385 1657 411 1705 in
419 1655 516 1720 digitis,
523 1656 645 1707 momenti
686 1663 792 1706 auctore
801 1656 900 1708 Servio.
933 1656 1070 1707 Assentior
1081 1655 1212 1721 Scaligero

118 1732 258 1796 prasentia
279 1732 378 1783 indicat
400 1733 500 1796 spatia:
526 1738 556 1786 et
576 1733 644 1798 quod
686 1733 783 1780 vetaris
813 1731 871 1781 iibri
909 1731 1047 1780 lectionem
1077 1731 1210 1782 retinenti.

118 1807 347 1858 nondumexcolo
361 1814 471 1858 tractum
487 1813 540 1871 eat,
555 1809 646 1860 anbao-
686 1805 756 1859 Quid
780 1807 909 1870 prohibet,
935 1804 1069 1870 Ξιιρηδόνω
1088 1807 1142 1856 dici
1162 1821 1210 1869 pro

118 1890 225 1947 tumque
236 1897 300 1933 cura
311 1882 460 1946 digitorum,
476 1883 502 1932 id
521 1882 603 1933 futuri
619 1891 646 1934 et
685 1883 804 1946 lespiam,
819 1882 943 1932 eireiiiud
954 1883 1106 1946 simpliciter
1116 1881 1210 1931 forme-

117 1959 301 2022 cousequentis
317 1959 406 2008 saculi
421 1959 566 2023 posteriora
578 1959 645 2008 eide·
686 1965 738 2020 tur,
755 1967 785 2008 ut
801 1972 817 2007 a
835 1955 904 2007 κλέοι
920 1959 1031 2021 namtas,
1048 1956 1082 2006 ab
1094 1955 1162 2006 treas
1172 1958 1210 2006 ds-

117 2043 161 2084 tur
182 2033 340 2084 ostendere?
373 2035 485 2084 Nomina
504 2037 644 2085 Parcarum
684 2035 764 2098 tuter,
784 2036 833 2083 dcc.
867 2033 937 2094 sive,
959 2039 989 2083 ut
1011 2032 1067 2080 vnit
1083 2031 1210 2094 Scaliger,

116 2109 226 2159 suerum
235 2109 357 2174 Atropos,
365 2110 532 2172 Lachesis,et
543 2109 644 2162 Ciotho.
685 2108 804 2158 dicautur
814 2103 947 2169 armatus
957 2104 1031 2168 quasi
1042 2103 1193 2168 sepontium.

150 2186 166 2216 ⁴
179 2186 238 2236 iiia
249 2186 325 2249 Fcto]
340 2187 401 2236 Tria
413 2187 557 2237 Stoicorum
574 2186 644 2249 prin·
717 2184 732 2216 '
750 2185 809 2233 Tres
818 2183 844 2232 ia
856 2179 980 2230 Μανία
988 2179 1125 2242 otram]
1139 2180 1208 2230 Sire-

121 2262 200 2328 cipia,
211 2262 244 2310 de
256 2262 349 2326 quibua
359 2263 386 2312 in
397 2263 479 2327 primo
495 2263 528 2312 dc
540 2262 644 2325 placitis
684 2274 740 2321 uec,
756 2266 785 2308 et
806 2257 957 2320 Celedones,
981 2253 1127 2314 driuidum:
1157 2269 1208 2320 qua

117 2337 288 2399 Plutarchus,
304 2337 397 2388 Jorem
413 2337 540 2399 nimirum,
563 2340 644 2388 Natu·
684 2351 747 2386 voce
765 2342 842 2399 putat
851 2335 944 2387 Jacob.
956 2333 1123 2396 Deleolramp.
1145 2332 1207 2380 Pin·

116 2428 180 2476 ram,
195 2418 225 2461 et
237 2414 330 2462 Fatum
341 2413 444 2463 ridetur
454 2413 539 2463 Minoa
551 2413 642 2464 intelli·
683 2410 773 2462 darum
780 2410 938 2461 intellexisse
945 2409 1056 2458 Sirenas.
1068 2407 1208 2458 Athenoeua

116 2503 188 2554 gere.
222 2488 280 2538 Etsi
291 2503 348 2537 cnm
358 2488 447 2552 Sylvio
464 2489 520 2538 vuit
540 2502 642 2554 quoque
682 2492 768 2535 tamen
779 2485 824 2536 lib.
832 2497 881 2536 vu.
889 2484 993 2534 easdem
1004 2497 1063 2534 cum
1074 2481 1208 2532 Sirenibus

115 2565 208 2616 referri
225 2579 303 2628 ponsa
324 2564 357 2614 ad
375 2566 441 2617 Fata
453 2566 567 2629 Trojana
585 2581 642 2631 quae
683 2574 733 2609 uon
744 2558 819 2622 facit,
832 2558 878 2608 aed
890 2556 979 2608 eodem
990 2557 1068 2606 modo
1085 2568 1136 2621 quo
1155 2557 1206 2604 iliae

114 2641 272 2690 dicebantur
299 2641 380 2691 trium
407 2641 498 2702 inesse,
523 2641 642 2693 Paliuris
683 2641 815 2685 eruentes.
847 2633 996 2685 Eoststhius
1013 2632 1089 2683 Iliad.
1108 2645 1139 2680 ιι.
1163 2644 1207 2678 ne·

113 2716 226 2777 sciiioet,
236 2715 314 2764 Rhesi
326 2715 409 2780 equis,
422 2720 451 2765 et
461 2715 641 2766 Laomedontia
682 2711 749 2762 scire
771 2725 798 2760 ao
826 2709 924 2760 fatetur
951 2714 1036 2758 ntmm
1064 2705 1205 2770 epithetice

114 2792 251 2854 sepulum
272 2790 339 2853 qood
359 2789 420 2840 uiihi
440 2805 490 2841 non
511 2792 642 2854 displicet,
682 2785 848 2836 hocverbum
863 2783 1003 2847 usurparit,
1020 2795 1052 2830 au
1072 2795 1134 2831 vero
1157 2781 1207 2828 alia

114 2873 209 2930 utpote
221 2865 289 2915 haud
301 2865 384 2914 minus
395 2866 565 2916 reconditum.
682 2860 797 2926 quadam
819 2859 890 2922 pout
907 2857 1010 2919 δαιμονία
1031 2855 1206 2914 intellexerit3

148 2941 248 3005 triplex
257 2939 315 3003 coa]
331 2940 428 3005 Acuta,
441 2943 536 3005 gravia,
551 2949 643 2992 etme·
681 2937 767 3000 potuit
793 2941 866 2985 certe
890 2932 1017 2983 Ausonius
1043 2930 1080 2979 ita
1102 2929 1206 2979 Sirenes

113 3018 167 3068 dia.
682 3012 821 3061 nominare.
865 3009 932 3058 Haec
959 3007 1110 3072 Desposius.
1147 3006 1206 3056 Ser·

148 3091 360 3154 Triaaeiemeata]
375 3093 514 3142 Eaeocum
526 3092 641 3142 Philoso·
681 3088 739 3137 vius
776 3087 810 3136 ud
841 3086 958 3150 quintum
994 3083 1095 3134 AEuoid.
1127 3083 1206 3134 tradit

114 3167 220 3230 pirorum
232 3167 344 3231 placitis,
359 3169 402 3231 qui
413 3168 498 3232 ignem
510 3169 642 3232 negabunt
680 3163 784 3214 Sirenes
805 3160 943 3212 secundum
966 3159 1079 3210 fabulam
1105 3164 1158 3209 tres
1180 3160 1206 3208 iu
1275 3179 1282 3186 ·

115 3258 170 3294 esse
179 3249 302 3310 quartum
309 3243 479 3306 Elementum,
487 3250 516 3294 et
527 3246 639 3294 triaten·
681 3245 756 3302 parte
768 3239 881 3302 virgines
897 3236 988 3298 fuisse,
1010 3242 1063 3285 tres
1081 3236 1208 3298 volucres,

115 3327 167 3371 tum
189 3319 373 3382 admittebant,
391 3321 509 3382 Terram,
527 3322 640 3386 Aquam,
679 3316 786 3367 Acheloi
802 3312 912 3366 fluminis
928 3319 956 3361 et
976 3311 1106 3374 Calliopes
1123 3311 1206 3360 Musae

115 3393 257 3446 etAirem.
291 3397 390 3448 Nostra
409 3406 488 3450 catate
506 3399 639 3449 cortesius
679 3393 787 3454 titiones
798 3392 882 3455 primo
888 3389 1101 3454 juatal’elorum,
1109 3387 1204 3437 deinde

116 3471 162 3521 tria
183 3479 286 3522 tautum
315 3473 419 3524 admisit
440 3475 577 3537 elementa,
593 3474 638 3524 aad
678 3470 705 3519 in
725 3468 832 3530 Capreis
852 3466 935 3516 insula
952 3464 1097 3525 habitasse3
1113 3465 1204 3513 harum

116 3547 318 3611 aliaavnigatis.
680 3557 755 3593 unam
778 3556 852 3602 voce,
868 3542 977 3590 aiteram
999 3538 1078 3600 tibiis,
1094 3539 1203 3590 aiteram

144 3623 158 3652 ⁶
173 3623 386 3686 iriuaeiemeato]
403 3624 468 3676 Quae
485 3630 514 3673 ut
530 3622 640 3674 referret
680 3620 736 3682 lyra
754 3630 858 3668 canere.
898 3613 1045 3665 Secundum
1066 3615 1203 3664 veritatem

116 3700 144 3750 ad
158 3699 301 3751 ternarium
321 3713 354 3749 ex
371 3701 486 3750 Lucretii
510 3701 640 3750 sententia
678 3692 829 3744 meretrices
841 3690 931 3753 t'uisao,
943 3699 971 3740 et
987 3690 1106 3754 quoniam
1122 3698 1204 3740 uana·

116 3776 177 3827 ιιιιι
188 3776 274 3827 erran
292 3775 443 3838 ‘Principio
453 3777 533 3825 mam
544 3791 575 3828 ιο
587 3784 638 3827 ter·
678 3775 770 3820 euntes
790 3770 822 3817 ed
843 3773 988 3830 egestatem
1007 3766 1145 3828 ducebant,
1165 3765 1204 3814 in·

117 3865 152 3899 raa
167 3852 316 3916 centumque
334 3859 418 3915 tuere,
435 3853 549 3903 Quorum
562 3858 637 3902 natu.
677 3846 748 3898 ferre
767 3843 902 3907 naufragis
920 3840 996 3893 fictas
1015 3841 1105 3892 fuisse.
1136 3841 1203 3887 'l'rea

119 3942 167 3978 ram
179 3929 321 3992 triplicem,
331 3930 381 3978 tria
391 3943 501 3993 corpora
520 3930 638 3990 Memmi,
677 3921 806 3973 numerari
818 3920 882 3970 dicit
893 3918 1043 3982 Fulgentius
1054 3917 1080 3965 in
1091 3911 1202 3976 Mythol.

117 4005 174 4055 Tres
185 4006 287 4068 species
298 4013 350 4055 tam
360 4005 507 4068 dissimiles,
514 4006 565 4055 tria
576 4007 639 4056 talia
677 4004 785 4062 propter
807 3994 936 4059 triplicem
955 3991 1097 4055 voluptatis
1117 3987 1203 4036 illece-

118 4086 186 4130 texta
196 4081 256 4130 Una
267 4081 322 4129 dies
333 4080 407 4130 dabit
417 4080 516 4138 exitio?
528 4085 577 4130 &c
677 4076 760 4135 hrum,
776 4086 834 4137 qua
851 4075 937 4130 cautu,
953 4074 999 4116 ant
1010 4065 1076 4125 risu,
1088 4069 1132 4111 aut
1142 4074 1203 4110 coo·

146 4159 177 4204 tt)
193 4156 330 4220 siredones]
346 4157 389 4208 Sic
405 4157 523 4220 Scaliger
541 4170 574 4205 ex
595 4169 637 4204 ra·
678 4148 814 4200 suetudine
831 4144 946 4195 homines
961 4139 1049 4191 allicit.
1084 4137 1203 4186 Ceterum
