3000 4882
272 357 337 428 792
743 369 900 420 Ausonii

271 527 325 586 lot
339 517 459 584 statuis
473 515 673 591 honorabor,
689 521 773 598 quot
785 513 906 578 luerint
919 514 1051 596 paginus
1066 512 1277 578 libellorum
1310 512 1364 576 51.

274 622 341 686 Sed
357 620 400 684 sd
415 616 652 682 blendiora²⁰¹¹
671 615 804 680 festino.
848 613 905 680 Ab
927 614 991 679 hoo
1016 616 1104 678 enim
1126 614 1299 678 literarum
1322 613 1365 676 ad

272 743 327 788 me
341 723 490 787 daturum
501 725 595 802 purte
609 718 789 800 digressus,
800 737 840 781 eo
849 736 985 800 quoque
995 716 1209 792 descendisti,
1219 720 1256 778 ul
1270 733 1366 797 quae-

271 844 373 902 rores,
389 821 499 907 qualis
514 820 571 906 nd,
580 837 632 882 me
646 819 761 886 nubes
780 818 989 881 mitteretur.v
1033 815 1140 880 Omne
1154 815 1366 898 largitionum

273 933 406 990 tuarum
428 920 652 985 ministerium
667 917 878 983 solicitudine
892 918 1056 1002 fatigastis
1100 918 1182 982 Nou
1206 937 1285 998 ergo
1310 935 1366 978 su-

273 1045 336 1110 pro
351 1023 570 1088 Consulatum
585 1019 667 1084 mihi
680 1017 733 1085 es‘t
749 1019 900 1084 adbibita
912 1039 973 1103 per
987 1030 1020 1084 te
1034 1038 1115 1084 curs
1129 1030 1196 1084 turn
1212 1018 1365 1097 diligens,

272 1147 334 1211 pro
350 1143 500 1190 moeurs
514 1128 582 1187 tum
597 1121 703 1186 felixl
749 1121 789 1184 ln
813 1121 948 1204 Illyrico
961 1139 1052 1184 orma
1067 1120 1269 1204 quatiuntur.
1312 1121 1366 1184 52.

272 1229 325 1292 'l'u
340 1247 416 1292 meu
431 1245 533 1290 censu
548 1244 609 1308 per
622 1222 753 1287 Gallias
768 1222 917 1287 civilium
927 1222 1085 1287 decorum
1094 1222 1289 1286 indumento
1298 1221 1367 1285 dis-

272 1347 410 1410 pensus.
455 1325 633 1388 Loricotus
653 1324 694 1387 de
710 1331 790 1406 toga
803 1343 879 1387 rnen
894 1330 1037 1389 tructus·
1071 1323 1112 1386 ln
1126 1323 1315 1406 procinctu,
1332 1326 1366 1386 et

274 1448 350 1493 curn
379 1428 526 1492 maxime
553 1426 792 1503 dimicaturus:
821 1425 980 1506 palmatos
1003 1426 1109 1489 vestis
1131 1432 1247 1488 mesow
1267 1445 1365 1488 ornn-

272 1536 384 1593 mentu
408 1529 578 1612 disponis:
610 1526 761 1604 feliciter,
787 1533 822 1591 et
842 1528 932 1591 bono
955 1527 1077 1590 omine.
1121 1526 1279 1610 Namque
1302 1529 1365 1594 iste

274 1629 420 1708 habituS,
436 1639 475 1694 ut
488 1631 524 1692 in
538 1649 623 1713 pace
636 1628 794 1693 Consulis
810 1635 870 1705 est,
884 1630 934 1693 sio
950 1630 983 1692 in
998 1629 1150 1706 victoria,
1160 1627 1365 1710 triumphun-

272 1732 329 1795 tis.
374 1730 498 1796 Parum
514 1737 575 1807 est,
591 1733 621 1794 si
635 1730 746 1813 qualis
769 1730 812 1795 ud
834 1751 887 1794 me
909 1731 1027 1794 trabea
1045 1730 1205 1808 mittatur,
1225 1729 1365 1794 interro-

273 1850 348 1914 ges:
374 1840 405 1895 te
421 1852 531 1896 coram
546 1833 654 1915 promi
662 1832 777 1916 jubes.
821 1832 876 1896 53.
900 1832 975 1896 Neo
991 1831 1074 1896 setis
1088 1831 1203 1908 hobeS,
1214 1836 1253 1895 ut
1265 1832 1364 1914 largi-

273 1932 422 1997 tionum²
444 1934 607 1998 ministri¹
629 1953 673 1996 ex
688 1953 778 1999 more
789 1935 1004 2016 fungantur:y
1024 1933 1122 2016 eligis
1137 1934 1210 2016 ipse
1223 1928 1269 1997 de'
1280 1933 1365 1996 mul·

271 2117 358 2180 pisum·
372 2133 403 2166 nu
414 2133 458 2166 sou
469 2117 594 2167 dee-orobos
605 2120 700 2169 totidem
711 2118 805 2178 statuis,
816 2122 872 2181 quot
889 2116 1156 2179 appensusueriutfoliu
1167 2117 1279 2178 eiusnodi
1291 2117 1364 2179 Epis·

270 2180 391 2232 tolonum?
421 2183 506 2231 Verum
521 2196 618 2246 propero
626 2185 665 2231 ud
681 2182 810 2231 blandiora.
846 2182 910 2229 Nem
926 2183 1009 2230 relicto
1018 2183 1061 2230 illu
1078 2186 1146 2244 porte
1160 2183 1272 2245 Epistola
1280 2184 1312 2230 ad
1328 2197 1365 2229 me

270 2245 376 2307 ictuc,
394 2248 426 2294 ud
439 2247 465 2294 id
485 2247 557 2296 etium
573 2247 720 2305 descendisti,
734 2252 762 2295 ut
780 2247 911 2313 inquireres
929 2247 1004 2308 quelle
1021 2244 1102 2295 truleu
1120 2247 1151 2293 nd
1168 2261 1205 2294 me
1220 2247 1363 2296 mitteretur.

277 2308 402 2359 Vesuoisli
410 2325 467 2359 curu
477 2326 554 2359 omnes
567 2311 691 2359 Ministrcs
702 2315 796 2359 lucrum
811 2310 970 2371 largitionum.
996 2309 1036 2358 An
1053 2325 1098 2358 nou
1109 2311 1194 2370 igitur,
1203 2315 1293 2373 prester
1304 2311 1365 2358 Con·

271 2375 373 2421 suldturn
384 2389 448 2436 quem
459 2375 517 2422 milii
533 2375 660 2432 contulisti,
671 2376 730 2423 lonc
746 2373 847 2423 induisti
862 2389 906 2438 pro
922 2389 958 2422 me
975 2373 1145 2422 solicitudinem
1159 2379 1208 2426 tuns
1224 2375 1365 2435 diligentem

272 2438 302 2483 ex
313 2441 354 2484 triu
363 2443 440 2498 purte,
452 2437 612 2496 tumsuustom
623 2436 699 2488 mibi?
724 2439 795 2487 Belin
811 2445 931 2486 moventur
941 2437 967 2486 in
980 2438 1085 2501 Illyrico.
1114 2439 1150 2486 lu
1159 2443 1253 2500 propter
1268 2453 1305 2487 me
1315 2439 1365 2486 die-

271 2500 406 2562 lribuisper
418 2503 510 2549 Gellius
518 2504 617 2552 omiclus
627 2504 736 2550 bonorum
746 2503 859 2550 ciuilium.
887 2503 921 2551 Tu
932 2503 1003 2551 lorice
1019 2502 1116 2550 indutus
1130 2504 1185 2562 ogis
1196 2505 1225 2551 du
1235 2508 1294 2564 logo
1304 2517 1364 2552 med.

272 2563 303 2610 ln
318 2565 437 2624 procinctu
448 2571 471 2612 et
483 2566 583 2625 jamjam
601 2571 748 2627 pugnaturus
758 2569 854 2616 ordinas
872 2569 956 2614 decoro
975 2581 1031 2614 meoe
1049 2573 1111 2628 togoe
1124 2570 1237 2628 polluctus
1245 2566 1330 2626 fauste
1340 2570 1365 2614 et

269 2629 386 2690 pressorio
397 2629 474 2688 felici.
502 2630 610 2684 Amulius
620 2634 681 2678 enim
692 2631 742 2690 ille,
761 2631 949 2692 quemadmodum
962 2630 1070 2678 Consulis
1084 2635 1118 2678 est
1129 2633 1155 2678 in
1170 2645 1235 2693 poce,
1245 2631 1280 2679 itu
1290 2632 1364 2678 etiem

270 2696 306 2738 est
317 2693 483 2756 triumphantis
497 2695 522 2742 in
536 2694 642 2743 vinomo
672 2693 789 2756 Tanquam
807 2709 888 2756 porum
898 2694 973 2754 eit,si
984 2709 1076 2756 quoeros
1089 2695 1165 2756 qualis
1180 2699 1237 2755 tcgu
1253 2696 1363 2744 mittetur·

270 2758 303 2802 ud
312 2770 363 2806 me:
378 2759 479 2820 imperes
489 2759 592 2826 depromi
608 2773 658 2807 eom
674 2764 728 2807 ente
743 2760 819 2806 oculos
837 2764 896 2806 tuos.
925 2759 1007 2819 Neque
1019 2764 1139 2814 contentus
1153 2773 1179 2806 es
1189 2760 1248 2820 quod
1259 2758 1363 2807 ministri

271 2822 424 2881 largitionem
435 2827 526 2872 tuorum
537 2824 750 2885 exequenturjusso
760 2828 801 2871 luo
811 2837 874 2870 encre
889 2822 972 2871 solito:
990 2828 1016 2870 tu
1030 2824 1079 2884 ipse
1089 2823 1171 2884 seligis
1181 2837 1252 2871 uuum
1263 2837 1294 2871 cx
1304 2825 1362 2871 mul·

729 2965 910 2985 uocemue

269 3065 427 3126 *subegit
441 3064 542 3112 Aoidsl.
551 3065 711 3126 plenum-1
732 3065 763 3111 Et
774 3063 874 3111 monime
890 3065 913 3110 d.
931 3063 999 3125 vulg.
1015 3061 1194 3122 Scribendum,
1204 3068 1233 3110 ut
1245 3075 1299 3123 nos,
1311 3076 1362 3110 mo·

270 3136 334 3178 nent
351 3129 453 3179 Acidul.
472 3135 499 3176 ct
515 3129 693 3178 Gravius-2
710 3128 871 3188 largitionem
889 3127 980 3176 scribit
999 3125 1147 3176 Acidal-s
1164 3127 1208 3176 lte
1223 3127 1363 3190 legendum

748 3255 855 3307 NorAE

303 3361 314 3386 ¹¹
331 3353 378 3402 Sed
399 3355 430 3402 ud
450 3352 582 3415 tundore]
602 3353 795 3403 Solicitodiuem
868 3361 884 3384 '¹
901 3353 1017 3402 Pulmutoe
1033 3352 1104 3402 uestis
1120 3352 1189 3415 mee]
1206 3351 1237 3402 Tb
1255 3353 1326 3401 uestis
1346 3367 1362 3400 s

270 3443 363 3491 nempe
374 3437 402 3477 et
413 3443 499 3479 curram
510 3428 627 3478 Gratiani
639 3429 664 3477 in
676 3429 795 3492 eligenda
834 3444 913 3479 manu
924 3429 1082 3479 Glossutoris
1098 3443 1155 3481 esse
1176 3436 1253 3493 putat
1267 3427 1362 3478 Acida-

269 3503 361 3554 trabes
368 3502 400 3552 ud
409 3501 549 3552 Ausonium
556 3504 691 3554 mittenda.
718 3506 794 3559 Quod
834 3505 892 3568 lios,
907 3513 936 3554 et
949 3504 1061 3568 polmutae
1079 3504 1232 3568 simpliciter
1249 3504 1363 3553 scriben-

270 3593 344 3644 quam
357 3578 476 3627 blandum
488 3577 512 3626 ei
523 3579 656 3639 occiderit,
674 3595 732 3629 com
750 3595 793 3630 ne·
834 3581 904 3631 deum.
937 3581 1223 3643 Pslmstsupulmisin
1238 3595 1269 3628 ee
1285 3580 1363 3643 pictis

269 3669 311 3704 mo
322 3669 373 3704 uon
383 3654 464 3716 videt,
475 3663 528 3702 turn
539 3654 593 3717 ipse
602 3655 714 3718 pluribus
726 3655 794 3706 infre
834 3657 905 3706 dicte
927 3664 977 3720 ert,
998 3657 1044 3706 sed
1066 3663 1095 3706 et
1114 3655 1211 3720 effigies
1232 3657 1361 3706 bominum

268 3730 394 3786 ostendit.
412 3732 495 3780 Miror
504 3745 567 3794 ergo
575 3746 653 3794 quere
663 3732 793 3782 Acidaliae
834 3734 971 3799 aliquando
982 3733 1008 3782 iu
1019 3747 1052 3782 eu
1069 3732 1153 3795 pictus
1171 3731 1262 3795 fuisse,
1280 3747 1314 3782 ex
1330 3732 1363 3781 iis

268 3807 309 3856 hic
319 3807 425 3870 pleniore
438 3821 483 3868 pro
494 3806 614 3856 blandiore
625 3809 704 3858 metit.
804 3817 810 3830 ’
835 3825 893 3874 quae
904 3819 1047 3874 sequuntur
1058 3810 1181 3874 colligere
1192 3815 1241 3860 est.

301 3881 415 3937 'Qualis
436 3883 467 3930 od
488 3897 524 3931 me
545 3882 627 3932 trudes
647 3883 793 3948 mitteretur]
866 3892 879 3918 ¹
903 3886 1069 3948 Largiliosum
1087 3887 1203 3950 ministri]
1232 3885 1283 3939 Qui
1312 3886 1361 3935 sub

268 3957 392 4008 ll'rnbesrn
418 3958 460 4009 bic
482 3964 510 4007 et
539 3959 677 4021 palmatum
708 3968 793 4024 togam
834 3962 1001 4025 dispositione
1029 3963 1137 4013 Comitis
1158 3976 1288 4012 sacrarum
1312 3963 1362 4011 lsr-

267 4045 345 4081 nuum
355 4031 514 4094 eundemque
523 4030 588 4082 fecit
596 4032 734 4084 Ausonius.
756 4036 794 4084 Es
833 4037 959 4100 gitionom
977 4045 1060 4088 eruut.
1092 4040 1151 4088 Nou
1161 4037 1290 4088 assentior
1298 4037 1362 4088 uci-

266 4105 319 4164 fuit
334 4107 442 4171 Regum,
458 4122 488 4156 sc
499 4108 594 4158 deinde
605 4109 752 4174 Consulum,
765 4119 793 4160 et
832 4114 901 4164 dulio
913 4116 1049 4178 reponenti
1058 4117 1216 4178 urgteusnn

267 4181 513 4246 Triumplruntium„
875 4197 887 4232 l
903 4189 1058 4256 Fungentur]
1075 4193 1184 4259 Supple,
1205 4195 1250 4245 illo
1273 4193 1359 4248 officio
