3000 4882
278 368 344 436 778
751 377 906 433 susara

279 529 341 606 eis,
367 525 456 611 quod
471 525 637 592 debebas:
659 532 694 591 et
708 527 892 592 debiturum
905 543 992 600 esse,
1014 541 1090 588 eum
1106 515 1256 587 solveris.
1302 518 1376 586 Aa·

279 634 377 712 guste
412 627 559 711 juvenis,
592 629 671 694 coeli
700 629 761 693 tibi
788 632 821 693 et
847 627 983 693 humani
1013 626 1142 707 generis
1174 627 1282 688 rector
1306 622 1373 685 boc

278 728 430 806 tribuat,4
450 732 488 792 ut
500 727 657 810 praelatas
674 730 833 813 antiquis,
856 745 940 812 quos
959 727 1084 791 etiam⁵
1109 725 1276 806 elegantia
1298 741 1375 785 sen-

278 831 390 895 tentiae
417 828 515 893 istius
544 831 767 906 antecessisti,
789 830 906 894 vincas
931 827 1067 911 propria
1090 825 1313 908 singulorum:
1338 822 1374 885 in

279 929 438 996 Menelao
463 930 591 1012 regiam
625 928 860 1012 dignationem,
892 929 928 992 in
963 927 1068 992 Ulixe
1096 925 1322 1010 prudentiam,
1338 924 1374 986 in

279 1031 424 1098 Nestore
438 1036 649 1096 senectutem.
693 1031 746 1094 21.
769 1029 951 1114 Subjieiet⁶
976 1029 1112 1111 aliquis,
1137 1028 1212 1092 Iste
1235 1027 1374 1110 quidem

278 1133 422 1216 adeptas
444 1153 501 1196 es:
533 1129 591 1195 sed
615 1129 726 1209 effare,
752 1151 820 1214 qao
848 1131 989 1195 meritol
1046 1127 1141 1208 Quid
1170 1147 1222 1193 me
1251 1147 1373 1192 oneras

279 1235 486 1300 sciscitatort
503 1251 701 1300 narrarem
718 1249 955 1299 remorrnrrs
967 1249 1073 1297 rnna
1086 1246 1242 1295 nnnnrr.
1264 1230 1372 1305 Deus,

278 1342 313 1401 et
341 1337 401 1418 qai
431 1337 507 1400 Deo
532 1337 719 1419 proximus,
750 1337 854 1401 tacito
880 1353 1015 1400 munera
1036 1333 1192 1417 dispertit
1214 1332 1370 1396 arbitrio:

273 1443 309 1502 et
321 1435 554 1502 beneficiorum
568 1456 702 1502 suorum
715 1436 904 1518 indignatus
929 1455 990 1519 per
1014 1436 1170 1500 homines
1195 1442 1285 1499 stare
1309 1432 1369 1516 ju·

278 1537 416 1616 dicium,
438 1538 565 1602 mavult
579 1537 621 1602 de
641 1537 787 1601 subditis
799 1536 932 1602 dedisse
946 1535 1157 1602 miraculum.
1200 1535 1256 1600 22.
1280 1531 1371 1612 Quo,

278 1638 403 1721 inquis,
428 1640 569 1703 meritot
613 1638 686 1721 Ego
708 1638 833 1702 nullum
848 1639 932 1716 scio,
954 1638 1019 1702 nisi
1039 1637 1130 1722 quod
1154 1643 1202 1715 tn,
1220 1635 1371 1719 piissime

278 1739 474 1823 Imperator,
497 1739 620 1804 debere
635 1747 667 1805 te
681 1739 787 1805 diois:
809 1745 842 1803 et
855 1741 921 1804 boe
938 1738 1068 1818 debere,
1090 1738 1253 1803 latissime
1272 1735 1372 1820 perti·

277 1845 350 1906 net:
373 1837 444 1906 sive
459 1841 526 1906 hoo
539 1841 736 1906 emditionis
756 1848 821 1907 tuae
835 1838 971 1908 foenusk
991 1842 1188 1906 existimas:
1210 1841 1282 1904 sive
1298 1838 1371 1902 sine

277 1943 407 2007 ioeuore
420 1942 559 2024 gloriam
573 1942 789 2008 liberalitatis
812 1943 970 2008 affectas:
994 1943 1067 2007 sire
1082 1950 1116 2007 te
1130 1941 1278 2025 pondere
1292 1958 1372 2005 oon·

278 2048 385 2126 ceptae
413 2045 605 2127 sponsionis
636 2063 825 2128 exoneras:
858 2063 917 2108 seu
942 2043 1239 2108 fideicommissum
1264 2041 1372 2124 patris

278 2141 469 2208 exsolvis2¹
492 2164 552 2209 seu
579 2145 848 2228 magnanimitate
873 2144 1018 2220 caelesti,
1042 2143 1268 2208 ostentatione
1292 2161 1372 2225 snp-

277 2253 428 2329 pressa,¹‘¹
450 2247 515 2310 Dei
530 2265 650 2321 munus
673 2246 826 2311 imitaris.
869 2246 924 2312 23.
947 2246 1081 2311 Debere
1095 2251 1128 2309 te
1141 2243 1237 2309 dicis.
1281 2242 1370 2308 cair

278 2407 323 2458 dis
334 2413 358 2457 te
368 2410 456 2458 saluere
463 2411 524 2472 qaod
534 2408 640 2470 debebas,
654 2414 678 2458 ct
688 2408 821 2460 dediturum
830 2409 907 2459 adduc
917 2425 966 2460 esse
976 2411 1067 2474 quando
1076 2409 1182 2458 soterem
1207 2409 1231 2458 0
1240 2409 1372 2459 adolescens

278 2471 395 2533 Auguste,
403 2475 536 2522 moderator
545 2475 597 2523 coti
608 2479 631 2523 et
645 2475 740 2534 generis
750 2474 846 2523 hmani
856 2476 898 2523 bac
912 2475 958 2524 tibi
968 2479 1017 2536 det,
1029 2479 1056 2522 at
1073 2473 1219 2536 antepositas
1227 2474 1312 2535 priscis
1322 2474 1373 2522 iliis

278 2549 334 2597 qnos
343 2536 459 2597 superasti
475 2538 594 2597 elegantia
603 2538 674 2587 istius
683 2539 816 2598 scatentia,
826 2553 920 2600 rupem
928 2541 999 2588 etiam
1009 2553 1060 2602 pra
1069 2539 1168 2601 proprio
1179 2537 1280 2596 sacrant
1291 2539 1371 2590 arias-

277 2598 386 2662 enp'ssqae
397 2614 494 2649 sorum:
514 2600 659 2661 maiestatem
675 2601 767 2663 regiam
783 2603 809 2650 ia
825 2603 936 2651 Menelao
944 2619 954 2662 ,·
973 2603 1122 2666 prudentiam
1132 2603 1159 2651 ia
1173 2601 1273 2666 Ulysse,·
1292 2617 1370 2651 senec·

278 2668 352 2712 tutem
361 2664 388 2712 in
398 2665 506 2713 Nestore.
536 2665 571 2714 At
589 2665 649 2714 dicit
662 2667 788 2728 quispiam,
800 2664 926 2716 desecatae
943 2669 1035 2730 quidem
1046 2682 1071 2716 ee
1081 2667 1145 2714 ista:
1161 2680 1240 2714 nomm
1256 2667 1295 2714 dic
1310 2667 1371 2715 midi

278 2741 377 2789 gronam
388 2732 428 2777 tao
440 2726 545 2780 merito?
574 2731 653 2787 Quare
663 2729 722 2778 miti
732 2732 843 2780 molestas
852 2745 875 2778 es
883 2729 1052 2794 percontator?
1074 2731 1151 2779 Nemo
1161 2730 1240 2780 reddit
1255 2731 1371 2779 rationem

277 2805 327 2840 sue
341 2791 476 2851 felicitatis.
510 2794 589 2855 Deus,
602 2800 628 2844 et
645 2794 685 2842 iile
701 2795 742 2857 qai
760 2795 883 2858 praeimm
900 2802 935 2845 est
945 2798 1007 2857 Deo,
1023 2794 1147 2843 distribuit
1156 2797 1217 2843 dona
1232 2801 1371 2844 maseareto

272 2855 372 2919 iudicio,
381 2862 405 2906 et
420 2873 466 2906 non
476 2858 561 2916 serens
571 2858 691 2918 bmesacta
706 2874 749 2908 sua
759 2859 876 2908 oestiomrr'
889 2859 990 2908 arbitrio
998 2859 1124 2918 tammam,
1135 2860 1224 2908 mauult
1234 2860 1295 2908 aiere
1311 2859 1371 2920 ipsis

277 2921 466 2978 admirationem,
483 2923 515 2972 iis
531 2939 585 2987 pace
601 2923 697 2984 subjicit
713 2937 793 2972 eorum
803 2923 885 2972 oralia
918 2925 1035 2984 Quonam,
1044 2922 1134 2987 inparis,
1145 2928 1184 2971 tao
1196 2921 1299 2974 merito?
1316 2923 1370 2985 Ego

275 2986 366 3034 sellam
375 2987 438 3047 noni,
449 2987 497 3036 nisi
510 2990 570 3050 qood
587 2993 613 3037 tar
627 2989 664 3037 ais
675 2993 698 3037 te
709 2988 800 3049 debere,
811 2987 968 3050 olmperotor
975 2987 1091 3051 piissime.
1124 2988 1203 3049 Atque
1213 2987 1277 3036 istem
1287 2987 1371 3037 dedere

276 3054 367 3110 speetm
377 3052 408 3099 ad
417 3051 535 3114 plurima:
553 3067 594 3101 sea
601 3057 673 3115 putas
682 3053 724 3100 boc
733 3065 782 3100 esse
795 3053 973 3101 emolamentum
984 3057 1032 3101 taoe
1042 3051 1208 3113 institutionis,
1217 3065 1258 3100 serr
1268 3065 1371 3115 aarum·

275 3112 412 3162 risloadem
428 3115 550 3176 largitatis
566 3116 652 3178 absque
662 3117 822 3176 emolumento,
838 3130 878 3164 sea
894 3116 994 3165 exsolvis
1010 3121 1034 3165 te
1050 3115 1192 3178 obligatione
1209 3116 1371 3178 promissionis

275 3176 334 3252 mili
345 3176 435 3236 facte:
452 3179 502 3228 sine
513 3184 621 3292 aedas
633 3179 839 3242 fideicommissum
854 3181 933 3243 patris
951 3180 1004 3229 toi.-
1020 3180 1070 3229 sr'ee
1081 3179 1276 3242 magnanimitate
1286 3180 1370 3228 divino

277 3242 380 3289 amatoris
389 3243 466 3290 Deam
476 3243 503 3291 is
555 3242 673 3302 esaciendo
682 3243 767 3306 absque
777 3243 918 3304 jactatione.
952 3245 999 3294 Ais
1009 3249 1032 3294 te
1042 3245 1133 3296 astae.
1167 3244 1268 3294 Cnisam
1278 3241 1370 3295 detes?

731 3384 911 3407 omnm

276 3473 417 3523 breim-b
433 3474 525 3524 ‘Bene
536 3476 634 3525 monuit
645 3475 776 3527 Acidaliae
786 3478 815 3528 sb
824 3478 897 3528 etiam
906 3477 949 3528 bie
959 3493 1005 3527 sao
1019 3477 1046 3526 in
1062 3477 1120 3528 loco
1131 3490 1181 3527 aaa
1196 3491 1262 3540 csse,
1271 3476 1317 3527 sed
1327 3491 1369 3528 se·

277 3537 422 3602 ponendam
445 3544 504 3602 post
519 3540 608 3600 cineas,
630 3547 658 3590 at
675 3543 788 3604 legatur:
817 3544 882 3599 Quos
897 3543 1015 3606 elegantia
1033 3542 1192 3592 ....nincas
1209 3543 1281 3590 mium
1296 3557 1321 3605 p.
1339 3542 1369 3592 s.’

277 3601 455 3654 Pieridum-ti
471 3603 585 3667 Conjieit
601 3605 756 3668 Gronovius,
775 3607 932 3668 Obiciat-⁷
949 3606 993 3657 ΑΙ.
1007 3606 1136 3658 ‹rm-e
1152 3607 1221 3655 Alios
1236 3605 1370 3657 scribebat

765 3727 872 3779 NorAE

308 3824 321 3857 ¹¹
337 3822 489 3877 Eruditionis
507 3828 555 3875 tna
566 3824 658 3890 sarm]
674 3825 733 3876 Hoc
750 3832 800 3890 est,
839 3826 961 3882 bonorem
972 3825 1113 3885 eveheresr
1129 3831 1158 3874 et
1178 3835 1205 3874 tu
1221 3839 1368 3889 supremam

276 3900 422 3951 mercedem
443 3899 506 3949 mibi
531 3900 655 3966 debitam,
683 3901 752 3967 quod
772 3908 800 3952 te
839 3902 1324 3968 patrisroluntatemnuuoexequeris.

277 3971 455 4026 erudiverim.'
871 3985 890 4013 ὓ
915 3978 1079 4028 Ostentatione
1099 3975 1233 4042 suppressd
1261 3979 1369 4042 Suppri-

309 4051 316 4083 ¹
333 4052 593 4118 Seafideirommieram
602 4055 679 4116 patris
688 4054 800 4117 exsolais]
840 4054 888 4104 mit
899 4053 1109 4115 ostentationem,
1124 4053 1177 4116 qni,
1191 4066 1249 4102 enm
1263 4053 1367 4104 beneis-

277 4127 337 4176 lloe
351 4134 401 4187 est,
419 4128 473 4176 sire
492 4135 543 4178 tue
562 4126 623 4178 fidei
641 4131 801 4182 commiserit
841 4130 888 4192 eit,
903 4129 1020 4180 debitum
1032 4143 1061 4178 se
1076 4128 1211 4178 exsolvere
1231 4128 1368 4194 predicat,

276 4208 351 4269 pater
368 4208 426 4253 tans
442 4204 565 4268 moriens,
576 4210 606 4254 ut
621 4218 662 4256 me
680 4205 712 4256 ad
732 4207 800 4256 buna
840 4203 893 4262 non
903 4204 1056 4258 beneficiam
1068 4202 1193 4256 conterre.

1487 853 1491 984 r

1485 1025 1491 1134 ¹
