3034 4878
278 386 345 454 87⁴2
593 395 840 446 nrruuscaurr
865 393 1052 444 1111110011

281 519 383 622 Quod
397 559 463 604 nou
476 557 566 604 more
578 557 655 604 mec
670 537 809 620 geritur:
830 555 897 601 uon
910 537 1062 612 arbitror,
1079 533 1156 598 istis

281 641 465 709 censemus
480 639 572 705 dicar
585 645 724 704 mutatm
736 639 772 702 in
786 657 891 722 prava
904 638 1083 703 notandum

281 745 432 810 Errcrem
448 743 585 821 mentis,
599 741 757 825 quoniam
770 742 834 805 sim
846 747 966 824 sponte
980 738 1163 821 professus,
1305 734 1377 803 140

280 845 340 911 Me
354 864 421 910 nou
434 851 545 910 mente
559 862 636 907 mea
648 842 754 908 vitam
766 847 911 907 mutasse
925 841 1079 924 priorem.
1217 926 1220 932 1

280 947 380 1012 Meus
393 965 483 1012 nova
496 965 550 1010 me
564 945 671 1009 fateor
684 943 786 1026 cepit,
800 963 896 1008 mens
908 961 978 1007 non
991 961 1067 1005 mea
1081 928 1258 1024 quondam,

281 1048 348 1114 Sed
362 1049 439 1112 mea'
449 1065 538 1110 nunc
553 1052 690 1110 auctore
706 1045 791 1122 Deo,
806 1045 863 1128 qui
878 1045 909 1107 si
924 1041 1004 1126 quid
1017 1044 1051 1106 iu
1066 1046 1146 1108 actu

279 1151 463 1233 Ingeniove
476 1169 553 1214 meo
567 1168 632 1212 sua
644 1147 782 1230 dignum
794 1145 839 1231 ad
853 1147 968 1211 munia
979 1147 1075 1224 vidit,

279 1251 400 1318 Gratia
412 1253 519 1337 prima
532 1250 607 1327 tibi,
619 1250 681 1314 tibi
697 1249 805 1332 gloria
818 1247 932 1314 debita
946 1248 1047 1326 oedit,
1116 1333 1119 1341 Ι
1307 1249 1376 1313 145

281 1355 388 1438 Cujus
401 1353 583 1438 preceptis
597 1359 731 1434 partum
745 1355 809 1427 est,
821 1351 912 1433 quod
926 1350 1079 1415 Christus
1094 1351 1230 1414 amaret

324 1454 440 1533 Quare
455 1452 654 1536 gratandum
668 1452 777 1532 magis
790 1458 844 1515 est
857 1451 933 1529 tibi,
948 1471 1050 1534 quam
1064 1450 1308 1535 queritandum,

281 1555 381 1636 Quod
396 1563 475 1619 tuus
488 1553 558 1631 ilie,
574 1553 640 1618 tuis
656 1552 778 1616 studiis
792 1557 826 1618 et
839 1553 985 1617 moribus
999 1559 1103 1631 ortus,

280 1658 455 1734 Paulinus,
470 1657 525 1720 cui
540 1663 574 1720 te
587 1675 656 1720 non
671 1655 813 1719 infitiare
828 1660 1007 1737 parentem,

281 1759 359 1824 Nec
372 1759 483 1836 modo,
498 1777 576 1823 cum
590 1755 698 1822 credis
712 1775 913 1839 perversum,
928 1756 977 1820 sic
990 1773 1064 1820 mea
1078 1755 1163 1820 verti
1307 1755 1376 1822 1⁵0

281 1859 448 1937 Consilia,
463 1865 502 1923 ut
516 1859 580 1922 sim
602 1857 797 1940 promeritus
811 1853 936 1922 Christi
954 1854 1132 1935 fore,du1'n
1148 1877 1223 1922 sum

281 1959 442 2040 Ausonii;
464 1960 550 2024 ieret
562 1959 619 2023 ille
632 1965 698 2023 tuae
712 1977 773 2024 sua
787 1959 926 2043 praemia
937 1943 1041 2037 la'udi,

281 2059 399 2144 Deque
412 2068 472 2125 tua
486 2061 629 2145 primum
644 2060 706 2126 tibi
722 2057 848 2124 deseret
862 2059 979 2125 arbore
992 2060 1146 2124 fructum.

325 2162 421 2226 Unde
436 2181 554 2246 precor
567 2150 703 2227 meliora
716 2166 826 2244 putes,
838 2181 899 2227 nec
914 2161 1062 2226 maxima
1074 2163 1196 2246 perdas

281 2263 438 2342 Praemia,
454 2264 649 2328 detestando
663 2264 729 2328 tuis
742 2266 831 2329 bona
843 2250 994 2328 fontibus
1008 2269 1094 2329 orta.
1308 2262 1377 2331 155

282 2363 317 2429 N
319 2384 362 2428 on
375 2364 495 2428 etenim
508 2365 589 2429 mihi
603 2383 698 2429 mens
710 2382 810 2446 vaga,
825 2364 885 2430 sed
899 2384 1006 2448 neque
1019 2365 1274 2449 participantum

280 2465 364 2531 Vita
376 2466 480 2548 fugax
493 2453 676 2544 hominum,
693 2465 808 2550 Lyciae
823 2486 892 2551 qua
905 2466 1024 2531 scribis
1037 2469 1073 2530 iu
1088 2467 1191 2532 antris

280 2563 470 2650 Pegaseum
485 2568 615 2632 vixisse
631 2569 787 2650 equitem,
801 2565 882 2633 licet
896 2569 974 2634 avia
987 2559 1081 2633 multi

282 2666 318 2732 N
320 2667 429 2740 nmine
446 2673 565 2751 agente
580 2668 706 2746 colant,
720 2668 802 2732 clari
815 2669 907 2734 velut
922 2655 1000 2734 aute
1014 2653 1204 2753 Sophorum'

282 2768 351 2834 Pro
365 2769 486 2834 studiis
503 2769 679 2854 Musisque
693 2769 782 2835 suis:
804 2778 842 2836 ut
855 2791 941 2836 nunc
955 2775 1088 2854 qnoq'ue
1102 2773 1207 2836 castis
1310 2771 1376 2838 160

282 2869 352 2950 Qui
366 2870 538 2935 Christum
552 2889 698 2935 sumsere
712 2871 833 2935 animis
847 2871 974 2953 agitare
989 2861 1208 2954 frequentant,

282 2972 364 3038 Non
378 2973 499 3057 inopes
513 2972 627 3049 animi,
643 2964 749 3057 neque
763 2972 805 3038 de
818 2972 950 3038 feritate
963 2974 1108 3056 legentes

282 3073 435 3138 Desertis
450 3072 598 3138 habitare
611 3071 710 3150 locis,
725 3073 784 3137 sed
797 3074 833 3138 in
850 3073 955 3139 ardua
967 3075 1054 3139 versi

283 3175 411 3252 Sidera,
426 3177 680 3258 spectantesque
694 3169 816 3255 Deum,
832 3176 968 3260 verique
982 3175 1149 3259 profunda

283 3274 478 3360 Perspicere
491 3275 616 3353 intenti,
632 3275 675 3340 de
690 3276 787 3342 vanis
801 3277 906 3341 libera
920 3276 1010 3340 curis
1310 3269 1377 3344 165

285 3373 366 3440 Otia
380 3382 505 3450 amant,
520 3376 743 3459 strepitusque
756 3375 833 3455 fori,
847 3395 1022 3460 rerumque
1038 3376 1209 3455 tumultus,

284 3474 483 3558 Cunctaque
498 3475 621 3540 divinis
636 3477 771 3542 inimica
785 3478 917 3558 negotia
932 3463 1038 3555 donis,

283 3575 327 3642 Et
342 3576 464 3641 Christi
479 3577 640 3660 imperiis,
656 3583 689 3642 et
703 3597 814 3642 amore
828 3579 958 3656 salutis,
974 3567 1161 3644 abhorrent.

283 3680 417 3764 Speque
431 3679 562 3764 fideque
581 3679 686 3743 Deum
702 3669 826 3763 sponsa
839 3679 989 3744 mercede
1003 3688 1192 3764 sequuntur,

286 3783 394 3862 Quam
411 3781 529 3846 referet
543 3785 650 3845 certus
664 3799 732 3845 non
746 3781 997 3864 desperantibus
1012 3787 1139 3862 auctor,
1310 3775 1375 3850 17⁰

285 3882 438 3949 simodo
454 3903 521 3946 non
537 3883 672 3948 vincant
686 3882 806 3949 vacuis
821 3884 999 3968 praesentia
1012 3885 1129 3964 rebus;

285 3984 439 4068 Quaeque
453 3985 545 4049 videt
560 3992 704 4069 spernat,
719 4005 796 4068 quae
812 4004 879 4050 non
893 3984 986 4049 videt
999 3993 1037 4049 ut
1051 3991 1225 4065 mereatur,

284 4086 421 4151 Secreta
433 4079 556 4167 ignitus
570 4093 751 4168 penetrans
767 4085 920 4150 coelestia
934 4105 1062 4150 sensus.

287 4187 443 4269 Namque
459 4186 590 4253 caduca
605 4193 724 4270 patent
738 4186 873 4264 nostris,
887 4192 1010 4252 aeterna
1023 4194 1179 4269 negantur
