3000 4882
583 402 780 452 EPISTOBAE.

137 535 176 601 Si
190 535 321 618 genitor
333 542 499 623 natusque
516 541 582 606 Dei
597 543 655 625 pia
668 545 770 609 verba
784 547 952 611 volentum

135 635 307 721 Accipiat,
320 648 436 706 nostro
450 643 544 707 reddi
562 652 597 708 te
612 665 713 728 posse
728 651 881 729 precatu:

137 737 193 803 Ne
208 735 357 821 sparsam
371 753 569 827 raptamque
580 745 726 823 domum,
740 747 952 830 lacerataque
967 755 1099 814 centum
1160 749 1225 813 115

137 839 206 903 Per
220 839 383 920 dominos,
396 845 518 909 veteris
535 844 673 910 Paulini
685 866 787 929 regna
800 847 954 913 fleamus:

123 939 253 1024 ¹Teque
267 960 388 1024 vagam
403 950 475 1009 toto
487 965 587 1029 qnam
601 947 701 1030 longa
718 949 889 1031 Hispania
900 957 1019 1029 tractu,

136 1042 367 1108 Immemorem
381 1051 535 1125 veterum,
549 1050 734 1133 peregrinis
746 1049 844 1114 fidere
859 1051 989 1115 amicis.

135 1143 295 1222 Accone,
311 1165 331 1210 o
345 1153 494 1212 nostrum
508 1148 624 1229 decus,
641 1171 662 1214 o
676 1171 751 1216 mea
764 1153 910 1215 maxima
924 1171 1015 1230 cura,

136 1243 253 1324 Votis,
269 1248 500 1333 ominibusque
515 1250 625 1329 bonis,
642 1253 863 1336 precibusque
878 1258 1032 1331 nocetne,
1161 1251 1226 1320 120

135 1343 355 1431 Appropera:
377 1350 458 1413 dnm
471 1355 507 1415 tu
521 1353 666 1434 juvenis
682 1352 759 1416 dum
773 1357 884 1416 nostra
899 1362 1053 1419 senectus

135 1447 257 1512 Servat
270 1449 499 1515 inexhaustum
514 1451 576 1516 tibi
591 1453 775 1532 gratificata
788 1454 944 1536 vigorem.

137 1548 182 1613 Et
194 1549 328 1632 quando
342 1552 409 1616 iste
425 1572 517 1618 meas
532 1553 680 1636 impellet
694 1555 830 1618 nuntius
846 1556 968 1618 anresl

136 1649 227 1714 Ecce
243 1657 322 1715 tuus
336 1651 497 1718 Paulinus
513 1654 626 1718 adest:
643 1653 715 1737 jam
728 1654 884 1736 ninguida
896 1655 1018 1737 linquit

137 1750 276 1835 Oppida
290 1751 475 1830 iberorum,
487 1754 676 1819 Tarbellica
685 1754 759 1837 iam
773 1759 859 1818 tenet
873 1773 963 1819 arra.
1160 1755 1225 1820 125

137 1852 344 1934 Hebromagi
358 1853 431 1937 jam
444 1862 534 1922 tecta
548 1856 656 1936 subit3
674 1857 746 1940 jam
760 1856 886 1939 praedia
899 1856 1010 1920 fratris
1219 1859 1222 1862 ’

133 2068 210 2118 tissa·
218 2069 287 2132 hage
295 2073 405 2134 pellatur.
439 2073 504 2122 biiii
513 2078 548 2123 est
558 2074 808 2140 mammutium
818 2074 884 2123 Dares
895 2074 980 2132 Pater,
992 2078 1014 2124 el
1019 2072 1090 2139 filius
1101 2071 1150 2122 Dei
1158 2071 1226 2120 audit

134 2134 190 2196 piae
199 2149 265 2183 aseer
273 2139 442 2198 emptamiun,
460 2143 484 2186 te
498 2153 566 2201 pesse
575 2139 672 2192 restitui
683 2142 771 2189 nastris
779 2139 902 2203 precibus:
915 2144 942 2188 ul
952 2153 998 2188 eon
1006 2139 1125 2200 lugeamus
1136 2136 1226 2197 disper·

135 2212 197 2258 sanu,
205 2203 229 2247 el
240 2199 355 2261 direptae
363 2202 457 2249 muns
466 2203 552 2252 aetem
569 2203 676 2264 Paulini,
687 2208 711 2252 et
722 2203 772 2266 ejas
781 2204 935 2266 parmenam
945 2203 1073 2265 dissipatas
1081 2214 1124 2264 per
1134 2204 1226 2248 centum

133 2260 257 2311 Mnus:
271 2267 327 2313 elte
336 2269 461 2326 nagmtern
476 2280 519 2328 per
529 2271 605 2315 toturn
622 2268 724 2328 spatium
742 2267 870 2328 Hispania
885 2266 1169 2329 quantumcumquelanga
1180 2267 1224 2324 aet,

136 2325 235 2374 ulnam
253 2331 358 2376 netem
375 2329 509 2392 ammam,
516 2329 595 2394 fidere
605 2331 733 2379 mtranein
767 2331 894 2380 Arcamo
905 2335 982 2380 meter
992 2330 1071 2391 bonos,
1082 2327 1225 2376 amlieituda

135 2390 406 2454 manummerias
415 2391 484 2454 uiis,
492 2399 516 2443 et
525 2394 640 2443 ommibus
645 2394 747 2456 faustis,
755 2409 783 2443 ae
794 2393 902 2458 precibnn
912 2393 1004 2454 festina
1014 2393 1072 2442 bue:
1082 2394 1153 2440 donec
1164 2396 1190 2439 tn
1201 2403 1226 2439 es

130 2451 238 2516 jamnis,
255 2456 311 2503 dum
328 2460 419 2505 senecta
438 2471 488 2506 msa
499 2457 525 2505 in
539 2458 577 2506 tui
591 2459 792 2519 gratiamretinet
803 2459 989 2519 mresintegras.
1025 2457 1176 2512 Quandonarn
1187 2455 1225 2502 bie

136 2518 236 2566 nuntim
244 2518 345 2580 pulsabit
356 2534 420 2569 eneas
429 2517 517 2570 aures?
550 2522 589 2571 En
598 2523 663 2572 adest
674 2527 730 2571 taes
739 2523 862 2572 Paulinus.
895 2523 953 2572 lanu
963 2520 1049 2570 decent
1060 2519 1150 2570 aiassae
1158 2517 1227 2567 urbes

138 2579 310 2646 Hispanorum,
317 2583 372 2644 iarn
380 2588 415 2636 eut
423 2584 449 2633 in
460 2583 526 2648 agris
539 2585 684 2636 Tarbellieis.
716 2585 775 2636 Jain
784 2587 919 2648 ingreditur
929 2592 992 2636 tecta
1003 2583 1150 2645 Hebromagi
1159 2582 1227 2643 fiam
1280 2607 1281 2612 =

583 2757 765 2780 ΜΙΝΝΟΙῸ

136 2887 236 2938 asebna
243 2888 322 2937 anina
334 2903 361 2938 es
374 2893 429 2938 nota
437 2888 610 2952 propinquant.-
627 2887 674 2937 sed
690 2887 751 2935 nihil
766 2889 938 2936 mutat—12³
955 2886 963 2915 ‘
975 2885 1061 2934 Saltus
1071 2884 1227 2947 mehercule,

137 2958 166 3002 et
177 2953 280 3014 elegans
292 2966 379 3001 verens
389 2960 439 3016 eut,
449 2967 523 3017 quem
536 2967 583 3016 pro
595 2951 643 3002 boc
655 2951 792 3000 Pulmanni
804 2959 878 3000 vetus
889 2950 955 2998 liber
966 2948 1114 2998 substituit:
1131 2949 1228 2998 Euenit

136 3021 166 3064 ut
181 3021 273 3075 nonnas
290 3017 330 3064 bic
343 3016 439 3066 ambus
454 3018 542 3066 excitet
558 3013 644 3064 auresl
660 3029 708 3063 nec
723 3021 797 3078 quem
815 3012 952 3077 pratorum
969 3012 1058 3061 rideo:
1076 3011 1143 3060 idern
1162 3012 1228 3071 liber

135 3093 208 3140 mox,
218 3080 268 3143 [us.
286 3080 344 3143 130]
355 3094 403 3144 pro
414 3081 497 3129 Totum
507 3079 660 3140 occursantis,
669 3080 710 3140 isc.
721 3077 825 3128 babuit:
843 3077 973 3128 Proecertit
987 3080 1092 3139 mutos,
1102 3081 1128 3124 ut
1143 3081 1168 3125 le
1177 3092 1227 3125 arn·

133 3143 262 3207 plectatur,
271 3143 374 3195 amicos?
389 3145 576 3195 reiltun-raa
596 3142 724 3193 'liebells'ca
734 3144 803 3206 vulg.

629 3325 738 3376 NOTAE

172 3459 220 3505 lib
235 3453 347 3519 &armar
356 3431 674 3519 mptmnquedamnmstfas
704 3452 815 3516 Amlrigo
837 3458 921 3501 utrum
944 3447 1013 3513 apud
1032 3449 1145 3498 Veteres
1166 3446 1229 3513 quid

137 3530 163 3581 Α
174 3530 300 3593 cognatis,
312 3537 356 3580 eut
366 3529 445 3579 atium
459 3530 560 3579 libertis
571 3531 663 3580 servis·
703 3535 823 3578 occurrst
839 3527 907 3592 quod
924 3533 978 3576 tum
991 3523 1084 3582 verbis,
1096 3532 1149 3573 tum
1171 3538 1228 3573 sen·

138 3619 191 3670 que
201 3605 302 3653 Paulini
314 3604 472 3667 absentiam
483 3602 539 3653 iere
550 3604 589 3655 iit.
703 3605 792 3654 tentiis
814 3602 1010 3666 affectibusque,
1020 3601 1099 3662 magis
1122 3604 1230 3663 prestet

171 3684 220 3730 lto
240 3681 308 3731 Votis
318 3679 486 3744 ominibusque]
503 3681 594 3731 liant.
605 3681 664 3731 libri
705 3695 779 3746 qnam
791 3679 969 3730 extremaluaee
981 3678 1107 3740 Epistola.

133 3771 180 3808 nv.
193 3756 253 3806 oua
263 3771 298 3808 τ’.
322 3756 425 3819 ‘Votis,
441 3755 626 3822 ominibusque,
636 3764 664 3806 et
738 3760 785 3805 115
804 3754 991 3804 Tarbellica...
1007 3749 1076 3812 arna]
1091 3750 1155 3801 Qua
1178 3749 1231 3812 pri·

139 3832 261 3898 precibus
271 3831 367 3883 vocat!
705 3835 897 3883 meaccurrunt
916 3845 949 3878 ex
966 3827 1092 3890 Hispania
1103 3826 1231 3876 Vasconis

171 3911 219 3958 111
232 3908 267 3956 Et
284 3908 375 3970 quanda
392 3907 446 3970 iste,
463 3905 517 3971 lfa]
544 3907 596 3957 Pro
616 3907 666 3957 boc
707 3908 872 3974 Aquitaniam
882 3903 1093 3968 ingredientibus.
1142 3961 1147 3974 Ι

138 3997 216 4032 versu
236 3989 311 4032 vetus
340 3981 477 4031 Pulmanni
508 3981 576 4031 liber
594 3981 664 4031 illam
737 3973 1230 4044 ruerampraeaiasrarru]1)etratre

138 4057 219 4107 babet
229 4071 279 4105 non
291 4049 374 4106 minus
384 4057 545 4119 elegantem:
563 4058 603 4106 lin
618 4059 665 4108 erit
704 4060 748 4109 illo
778 4057 882 4107 Paulini
907 4057 1013 4120 ejusque
1042 4051 1145 4117 prediis
1167 4050 1230 4101 nibll

138 4139 168 4184 ut
185 4139 278 4183 naam
293 4133 335 4182 lile
355 4134 453 4184 nuntius
470 4134 557 4183 esaim
576 4132 666 4186 ames?
704 4141 803 4184 aotam.

184 4208 200 4240 t
217 4213 264 4260 124
290 4209 351 4258 lires
371 4215 426 4259 tuus
444 4209 560 4260 Paulinus
585 4209 663 4272 alea]
