<?xml version="1.0" encoding="UTF-8"?>
<!DOCTYPE html PUBLIC "-//W3C//DTD XHTML 1.0 Transitional//EN"
    "http://www.w3.org/TR/xhtml1/DTD/xhtml1-transitional.dtd">
<html xmlns="http://www.w3.org/1999/xhtml" xml:lang="en" lang="en">
 <head>
  <title>
</title>
<meta http-equiv="Content-Type" content="text/html;charset=utf-8" />
  <meta name='ocr-system' content='tesseract 3.04.00' />
  <meta name='ocr-capabilities' content='ocr_page ocr_carea ocr_par ocr_line ocrx_word'/>
</head>
<body>
  <div class='ocr_page' id='page_1' title='image "./dmagniausoniibu02ausogoog_0357.png"; bbox 0 0 3000 4882; ppageno 0'>
   <div class='ocr_carea' id='block_1_1' title="bbox 296 344 918 410">
    <p class='ocr_par' dir='ltr' id='par_1_1' title="bbox 296 344 918 410">
     <span class='ocr_line' id='line_1_1' title="bbox 296 344 918 410; baseline -0.01 0"><span class='ocrx_word' id='word_1_1' title='bbox 296 344 361 410; x_wconf 80' lang='lat'>800</span> <span class='ocrx_word' id='word_1_2' title='bbox 762 357 918 408; x_wconf 82' lang='lat' dir='ltr'>nusonrr</span> 
     </span>
    </p>
   </div>
   <div class='ocr_carea' id='block_1_2' title="bbox 212 499 1392 1902">
    <p class='ocr_par' dir='ltr' id='par_1_2' title="bbox 212 499 1392 1902">
     <span class='ocr_line' id='line_1_2' title="bbox 212 499 1391 586; baseline -0.009 -14"><span class='ocrx_word' id='word_1_3' title='bbox 212 527 215 536; x_wconf 90' lang='lat'>·</span> <span class='ocrx_word' id='word_1_4' title='bbox 296 507 395 584; x_wconf 88' lang='lat' dir='ltr'>uires,</span> <span class='ocrx_word' id='word_1_5' title='bbox 417 513 464 581; x_wconf 93' lang='lat' dir='ltr'>tu,</span> <span class='ocrx_word' id='word_1_6' title='bbox 486 503 544 586; x_wconf 90' lang='lat' dir='ltr'>qui</span> <span class='ocrx_word' id='word_1_7' title='bbox 559 503 601 568; x_wconf 90' lang='lat' dir='ltr'>ad</span> <span class='ocrx_word' id='word_1_8' title='bbox 617 501 697 586; x_wconf 87' lang='lat' dir='ltr'>Cyri</span> <span class='ocrx_word' id='word_1_9' title='bbox 718 502 858 566; x_wconf 81' lang='lat' dir='ltr'>virtutes</span> <span class='ocrx_word' id='word_1_10' title='bbox 880 499 1122 582; x_wconf 69' lang='lat' dir='ltr'>‹exequendasu</span> <span class='ocrx_word' id='word_1_11' title='bbox 1138 502 1250 562; x_wconf 89' lang='lat' dir='ltr'>votum</span> <span class='ocrx_word' id='word_1_12' title='bbox 1267 500 1391 581; x_wconf 82' lang='lat' dir='ltr'>potine,</span> 
     </span>
     <span class='ocr_line' id='line_1_3' title="bbox 297 601 1391 691; baseline -0.01 -18"><span class='ocrx_word' id='word_1_13' title='bbox 297 626 397 691; x_wconf 89' lang='lat' dir='ltr'>quarn</span> <span class='ocrx_word' id='word_1_14' title='bbox 411 604 585 670; x_wconf 85' lang='lat' dir='ltr'><strong>historiam</strong></span> <span class='ocrx_word' id='word_1_15' title='bbox 600 603 841 668; x_wconf 82' lang='lat' dir='ltr'>commodasti:</span> <span class='ocrx_word' id='word_1_16' title='bbox 865 621 940 666; x_wconf 90' lang='lat' dir='ltr'>curn</span> <span class='ocrx_word' id='word_1_17' title='bbox 961 601 1102 676; x_wconf 85' lang='lat' dir='ltr'>diceres,</span> <span class='ocrx_word' id='word_1_18' title='bbox 1125 618 1192 663; x_wconf 90' lang='lat' dir='ltr'>non</span> <span class='ocrx_word' id='word_1_19' title='bbox 1209 602 1322 682; x_wconf 89' lang='lat' dir='ltr'>qualis</span> <span class='ocrx_word' id='word_1_20' title='bbox 1337 619 1391 662; x_wconf 91' lang='lat' dir='ltr'>es-</span> 
     </span>
     <span class='ocr_line' id='line_1_4' title="bbox 296 703 1392 788; baseline -0.01 -14"><span class='ocrx_word' id='word_1_21' title='bbox 296 715 361 785; x_wconf 84' lang='lat' dir='ltr'>set,</span> <span class='ocrx_word' id='word_1_22' title='bbox 377 707 436 771; x_wconf 88' lang='lat' dir='ltr'>sed</span> <span class='ocrx_word' id='word_1_23' title='bbox 452 705 566 788; x_wconf 93' lang='lat' dir='ltr'>qualis</span> <span class='ocrx_word' id='word_1_24' title='bbox 582 725 657 770; x_wconf 84' lang='lat' dir='ltr'>csse</span> <span class='ocrx_word' id='word_1_25' title='bbox 670 705 814 769; x_wconf 81' lang='lat' dir='ltr'>deberet.</span> <span class='ocrx_word' id='word_1_26' title='bbox 859 703 897 766; x_wconf 90' lang='lat' dir='ltr'>Si</span> <span class='ocrx_word' id='word_1_27' title='bbox 912 703 1047 766; x_wconf 90' lang='lat' dir='ltr'>nuncin</span> <span class='ocrx_word' id='word_1_28' title='bbox 1062 703 1298 784; x_wconf 79' lang='lat' dir='ltr'>temporeista</span> <span class='ocrx_word' id='word_1_29' title='bbox 1316 719 1392 783; x_wconf 91' lang='lat' dir='ltr'>pro-</span> 
     </span>
     <span class='ocr_line' id='line_1_5' title="bbox 298 803 1390 886; baseline -0.009 -13"><span class='ocrx_word' id='word_1_30' title='bbox 298 809 445 884; x_wconf 74' lang='lat' dir='ltr'>cederes,</span> <span class='ocrx_word' id='word_1_31' title='bbox 460 808 494 870; x_wconf 92' lang='lat' dir='ltr'>in</span> <span class='ocrx_word' id='word_1_32' title='bbox 508 813 624 870; x_wconf 91' lang='lat' dir='ltr'>nostro</span> <span class='ocrx_word' id='word_1_33' title='bbox 640 805 802 870; x_wconf 85' lang='lat' dir='ltr'>Gratiano</span> <span class='ocrx_word' id='word_1_34' title='bbox 816 821 976 879; x_wconf 79' lang='lat' dir='ltr'>cerneres,</span> <span class='ocrx_word' id='word_1_35' title='bbox 997 803 1086 885; x_wconf 88' lang='lat' dir='ltr'>quod</span> <span class='ocrx_word' id='word_1_36' title='bbox 1101 805 1136 867; x_wconf 93' lang='lat' dir='ltr'>in</span> <span class='ocrx_word' id='word_1_37' title='bbox 1150 803 1237 886; x_wconf 86' lang='lat' dir='ltr'>Cyro</span> <span class='ocrx_word' id='word_1_38' title='bbox 1253 811 1314 866; x_wconf 90' lang='lat' dir='ltr'>tuo</span> <span class='ocrx_word' id='word_1_39' title='bbox 1326 816 1390 865; x_wconf 87' lang='lat' dir='ltr'>non</span> 
     </span>
     <span class='ocr_line' id='line_1_6' title="bbox 296 901 1390 990; baseline -0.009 -15"><span class='ocrx_word' id='word_1_40' title='bbox 296 910 437 985; x_wconf 75' lang='lat' dir='ltr'>ndens,</span> <span class='ocrx_word' id='word_1_41' title='bbox 460 907 520 971; x_wconf 89' lang='lat' dir='ltr'>sed</span> <span class='ocrx_word' id='word_1_42' title='bbox 543 908 700 990; x_wconf 78' lang='lat' dir='ltr'><strong>optabas,</strong></span> <span class='ocrx_word' id='word_1_43' title='bbox 742 907 795 969; x_wconf 84' lang='lat'>70.</span> <span class='ocrx_word' id='word_1_44' title='bbox 817 901 930 987; x_wconf 81' lang='lat' dir='ltr'><strong>Atque</strong></span> <span class='ocrx_word' id='word_1_45' title='bbox 953 903 1020 968; x_wconf 86' lang='lat' dir='ltr'>ista</span> <span class='ocrx_word' id='word_1_46' title='bbox 1043 905 1164 981; x_wconf 87' lang='lat' dir='ltr'>omnia,</span> <span class='ocrx_word' id='word_1_47' title='bbox 1187 924 1265 988; x_wconf 83' lang='lat' dir='ltr'>quee</span> <span class='ocrx_word' id='word_1_48' title='bbox 1289 905 1390 986; x_wconf 90' lang='lat' dir='ltr'>quasi</span> 
     </span>
     <span class='ocr_line' id='line_1_7' title="bbox 297 1005 1389 1095; baseline -0.006 -19"><span class='ocrx_word' id='word_1_49' title='bbox 297 1011 466 1095; x_wconf 84' lang='lat' dir='ltr'>punctis¹⁵</span> <span class='ocrx_word' id='word_1_50' title='bbox 486 1009 682 1092; x_wconf 89' lang='lat' dir='ltr'>quibusdam</span> <span class='ocrx_word' id='word_1_51' title='bbox 708 1007 899 1071; x_wconf 88' lang='lat' dir='ltr'>acuminata</span> <span class='ocrx_word' id='word_1_52' title='bbox 924 1006 1066 1087; x_wconf 79' lang='lat' dir='ltr'>signavi,</span> <span class='ocrx_word' id='word_1_53' title='bbox 1093 1007 1124 1070; x_wconf 91' lang='lat' dir='ltr'>si</span> <span class='ocrx_word' id='word_1_54' title='bbox 1147 1005 1306 1069; x_wconf 81' lang='lat' dir='ltr'><strong>facundia</strong></span> <span class='ocrx_word' id='word_1_55' title='bbox 1327 1024 1389 1089; x_wconf 92' lang='lat' dir='ltr'>pro</span> 
     </span>
     <span class='ocr_line' id='line_1_8' title="bbox 296 1104 1389 1192; baseline -0.007 -15"><span class='ocrx_word' id='word_1_56' title='bbox 296 1113 468 1177; x_wconf 85' lang='lat' dir='ltr'>voluntate</span> <span class='ocrx_word' id='word_1_57' title='bbox 496 1116 697 1192; x_wconf 81' lang='lat' dir='ltr'>suppeteret,</span> <span class='ocrx_word' id='word_1_58' title='bbox 719 1118 754 1174; x_wconf 88' lang='lat' dir='ltr'>et</span> <span class='ocrx_word' id='word_1_59' title='bbox 779 1127 971 1191; x_wconf 87' lang='lat' dir='ltr'><strong>quanquam</strong></span> <span class='ocrx_word' id='word_1_60' title='bbox 986 1119 1055 1172; x_wconf 85' lang='lat' dir='ltr'>non</span> <span class='ocrx_word' id='word_1_61' title='bbox 1070 1104 1297 1191; x_wconf 65' lang='lat' dir='ltr'>copiosus=,¹⁶v</span> <span class='ocrx_word' id='word_1_62' title='bbox 1312 1125 1389 1170; x_wconf 85' lang='lat' dir='ltr'>exe-</span> 
     </span>
     <span class='ocr_line' id='line_1_9' title="bbox 297 1209 1390 1297; baseline -0.005 -19"><span class='ocrx_word' id='word_1_63' title='bbox 297 1232 425 1297; x_wconf 89' lang='lat' dir='ltr'>querer,</span> <span class='ocrx_word' id='word_1_64' title='bbox 460 1213 643 1276; x_wconf 86' lang='lat' dir='ltr'>ubertatem</span> <span class='ocrx_word' id='word_1_65' title='bbox 681 1213 770 1294; x_wconf 86' lang='lat' dir='ltr'>stylo</span> <span class='ocrx_word' id='word_1_66' title='bbox 803 1230 909 1274; x_wconf 87' lang='lat' dir='ltr'>rerum</span> <span class='ocrx_word' id='word_1_67' title='bbox 935 1209 1160 1290; x_wconf 82' lang='lat' dir='ltr'>magnitudine</span> <span class='ocrx_word' id='word_1_68' title='bbox 1182 1216 1390 1290; x_wconf 83' lang='lat' dir='ltr'>suggerente.</span> 
     </span>
     <span class='ocr_line' id='line_1_10' title="bbox 297 1307 1390 1396; baseline -0.005 -18"><span class='ocrx_word' id='word_1_69' title='bbox 297 1315 364 1378; x_wconf 90' lang='lat' dir='ltr'>Sed</span> <span class='ocrx_word' id='word_1_70' title='bbox 386 1333 449 1378; x_wconf 89' lang='lat' dir='ltr'>uec</span> <span class='ocrx_word' id='word_1_71' title='bbox 468 1312 565 1396; x_wconf 89' lang='lat' dir='ltr'>hujus</span> <span class='ocrx_word' id='word_1_72' title='bbox 587 1311 664 1390; x_wconf 88' lang='lat' dir='ltr'>diei,</span> <span class='ocrx_word' id='word_1_73' title='bbox 686 1333 749 1378; x_wconf 87' lang='lat' dir='ltr'>nec</span> <span class='ocrx_word' id='word_1_74' title='bbox 765 1312 866 1396; x_wconf 90' lang='lat' dir='ltr'>hujus</span> <span class='ocrx_word' id='word_1_75' title='bbox 884 1313 951 1375; x_wconf 87' lang='lat' dir='ltr'>ista</span> <span class='ocrx_word' id='word_1_76' title='bbox 973 1311 1131 1374; x_wconf 81' lang='lat' dir='ltr'>materiae.</span> <span class='ocrx_word' id='word_1_77' title='bbox 1176 1307 1246 1386; x_wconf 83' lang='lat' dir='ltr'>Qui</span> <span class='ocrx_word' id='word_1_78' title='bbox 1271 1309 1390 1373; x_wconf 90' lang='lat' dir='ltr'>dicturi</span> 
     </span>
     <span class='ocr_line' id='line_1_11' title="bbox 297 1411 1389 1497; baseline -0.005 -19"><span class='ocrx_word' id='word_1_79' title='bbox 297 1415 378 1480; x_wconf 87' lang='lat' dir='ltr'>estis</span> <span class='ocrx_word' id='word_1_80' title='bbox 400 1414 516 1478; x_wconf 87' lang='lat' dir='ltr'>laudes</span> <span class='ocrx_word' id='word_1_81' title='bbox 540 1414 709 1497; x_wconf 86' lang='lat' dir='ltr'>Principis</span> <span class='ocrx_word' id='word_1_82' title='bbox 722 1414 840 1491; x_wconf 83' lang='lat' dir='ltr'>nostri,</span> <span class='ocrx_word' id='word_1_83' title='bbox 862 1412 1023 1477; x_wconf 87' lang='lat' dir='ltr'>habotis&#39;</span> <span class='ocrx_word' id='word_1_84' title='bbox 1047 1411 1141 1476; x_wconf 86' lang='lat' dir='ltr'>vetut</span> <span class='ocrx_word' id='word_1_85' title='bbox 1163 1411 1389 1485; x_wconf 88' lang='lat' dir='ltr'>seminarium,</span> 
     </span>
     <span class='ocr_line' id='line_1_12' title="bbox 296 1511 1390 1599; baseline -0.005 -19"><span class='ocrx_word' id='word_1_86' title='bbox 296 1513 614 1580; x_wconf 58' lang='lat' dir='ltr'>unum‘oratiunum</span> <span class='ocrx_word' id='word_1_87' title='bbox 635 1523 818 1580; x_wconf 85' lang='lat' dir='ltr'>vestrarum</span> <span class='ocrx_word' id='word_1_88' title='bbox 839 1515 959 1599; x_wconf 86' lang='lat' dir='ltr'>jugera</span> <span class='ocrx_word' id='word_1_89' title='bbox 975 1511 1189 1596; x_wconf 89' lang='lat' dir='ltr'>compleatis.</span> <span class='ocrx_word' id='word_1_90' title='bbox 1233 1511 1307 1593; x_wconf 85' lang='lat' dir='ltr'>Ego</span> <span class='ocrx_word' id='word_1_91' title='bbox 1321 1512 1390 1576; x_wconf 91' lang='lat' dir='ltr'>ista</span> 
     </span>
     <span class='ocr_line' id='line_1_13' title="bbox 296 1613 1391 1703; baseline -0.005 -21"><span class='ocrx_word' id='word_1_92' title='bbox 296 1617 489 1703; x_wconf 85' lang='lat' dir='ltr'>perstrinxi,</span> <span class='ocrx_word' id='word_1_93' title='bbox 520 1621 632 1699; x_wconf 86' lang='lat' dir='ltr'>atque,</span> <span class='ocrx_word' id='word_1_94' title='bbox 663 1624 702 1680; x_wconf 89' lang='lat' dir='ltr'>ut</span> <span class='ocrx_word' id='word_1_95' title='bbox 730 1617 841 1681; x_wconf 87' lang='lat' dir='ltr'>sciunt</span> <span class='ocrx_word' id='word_1_96' title='bbox 869 1635 997 1692; x_wconf 86' lang='lat' dir='ltr'>omnes,</span> <span class='ocrx_word' id='word_1_97' title='bbox 1030 1633 1170 1699; x_wconf 89' lang='lat' dir='ltr'>possum</span> <span class='ocrx_word' id='word_1_98' title='bbox 1202 1613 1313 1678; x_wconf 84' lang='lat' dir='ltr'>rideri</span> <span class='ocrx_word' id='word_1_99' title='bbox 1341 1615 1391 1677; x_wconf 86' lang='lat' dir='ltr'>fa-</span> 
     </span>
     <span class='ocr_line' id='line_1_14' title="bbox 296 1713 1391 1800; baseline -0.002 -18"><span class='ocrx_word' id='word_1_100' title='bbox 296 1718 437 1783; x_wconf 89' lang='lat' dir='ltr'>miliaris</span> <span class='ocrx_word' id='word_1_101' title='bbox 462 1719 591 1784; x_wconf 85' lang='lat' dir='ltr'>notitiae</span> <span class='ocrx_word' id='word_1_102' title='bbox 616 1724 760 1783; x_wconf 87' lang='lat' dir='ltr'>secretus</span> <span class='ocrx_word' id='word_1_103' title='bbox 789 1719 951 1800; x_wconf 87' lang='lat' dir='ltr'>interpres</span> <span class='ocrx_word' id='word_1_104' title='bbox 973 1716 1155 1780; x_wconf 89' lang='lat' dir='ltr'>domestica</span> <span class='ocrx_word' id='word_1_105' title='bbox 1181 1713 1301 1778; x_wconf 84' lang='lat' dir='ltr'>isthaec</span> <span class='ocrx_word' id='word_1_106' title='bbox 1323 1737 1391 1780; x_wconf 89' lang='lat' dir='ltr'>non</span> 
     </span>
     <span class='ocr_line' id='line_1_15' title="bbox 296 1815 1388 1902; baseline -0.003 -17"><span class='ocrx_word' id='word_1_107' title='bbox 296 1825 365 1885; x_wconf 84' lang='lat' dir='ltr'>tarn</span> <span class='ocrx_word' id='word_1_108' title='bbox 390 1818 588 1902; x_wconf 85' lang='lat' dir='ltr'>praedicare,</span> <span class='ocrx_word' id='word_1_109' title='bbox 616 1839 718 1902; x_wconf 89' lang='lat' dir='ltr'>quam</span> <span class='ocrx_word' id='word_1_110' title='bbox 747 1817 897 1902; x_wconf 84' lang='lat' dir='ltr'>prodere.</span> <span class='ocrx_word' id='word_1_111' title='bbox 942 1815 1057 1900; x_wconf 86' lang='lat' dir='ltr'>Atque</span> <span class='ocrx_word' id='word_1_112' title='bbox 1081 1823 1120 1881; x_wconf 93' lang='lat' dir='ltr'>ut</span> <span class='ocrx_word' id='word_1_113' title='bbox 1148 1817 1216 1881; x_wconf 88' lang='lat' dir='ltr'>ista</span> <span class='ocrx_word' id='word_1_114' title='bbox 1245 1816 1321 1881; x_wconf 81' lang='lat' dir='ltr'>dixi</span> <span class='ocrx_word' id='word_1_115' title='bbox 1347 1817 1388 1882; x_wconf 89' lang='lat' dir='ltr'>de</span> 
     </span>
    </p>
   </div>
   <div class='ocr_carea' id='block_1_3' title="bbox 294 2022 1394 2280">
    <p class='ocr_par' dir='ltr' id='par_1_3' title="bbox 294 2022 1394 2280">
     <span class='ocr_line' id='line_1_16' title="bbox 296 2022 1393 2088; baseline -0.002 -14"><span class='ocrx_word' id='word_1_116' title='bbox 296 2023 388 2083; x_wconf 77' lang='lat' dir='ltr'>Attice,</span> <span class='ocrx_word' id='word_1_117' title='bbox 399 2030 426 2074; x_wconf 81' lang='lat' dir='ltr'>tu</span> <span class='ocrx_word' id='word_1_118' title='bbox 447 2022 489 2088; x_wconf 83' lang='lat' dir='ltr'>qui</span> <span class='ocrx_word' id='word_1_119' title='bbox 507 2023 637 2074; x_wconf 74' lang='lat' dir='ltr'>adhibuisti</span> <span class='ocrx_word' id='word_1_120' title='bbox 660 2024 738 2088; x_wconf 88' lang='lat' dir='ltr'>potius</span> <span class='ocrx_word' id='word_1_121' title='bbox 757 2029 846 2086; x_wconf 79' lang='lat' dir='ltr'>ootem,</span> <span class='ocrx_word' id='word_1_122' title='bbox 864 2038 933 2088; x_wconf 88' lang='lat' dir='ltr'>quom</span> <span class='ocrx_word' id='word_1_123' title='bbox 949 2023 1073 2073; x_wconf 73' lang='lat' dir='ltr'>historiam</span> <span class='ocrx_word' id='word_1_124' title='bbox 1088 2024 1120 2071; x_wconf 90' lang='lat' dir='ltr'>od</span> <span class='ocrx_word' id='word_1_125' title='bbox 1135 2024 1266 2072; x_wconf 77' lang='lat' dir='ltr'>sumendus</span> <span class='ocrx_word' id='word_1_126' title='bbox 1281 2022 1393 2086; x_wconf 73' lang='lat' dir='ltr'>egregius</span> 
     </span>
     <span class='ocr_line' id='line_1_17' title="bbox 296 2087 1394 2153; baseline -0.004 -15"><span class='ocrx_word' id='word_1_127' title='bbox 296 2090 361 2138; x_wconf 83' lang='lat' dir='ltr'>dotes</span> <span class='ocrx_word' id='word_1_128' title='bbox 373 2089 452 2153; x_wconf 76' lang='lat' dir='ltr'>Cyri:</span> <span class='ocrx_word' id='word_1_129' title='bbox 468 2103 521 2136; x_wconf 82' lang='lat' dir='ltr'>eum</span> <span class='ocrx_word' id='word_1_130' title='bbox 531 2088 632 2148; x_wconf 75' lang='lat' dir='ltr'>referres</span> <span class='ocrx_word' id='word_1_131' title='bbox 642 2104 686 2137; x_wconf 87' lang='lat' dir='ltr'>non</span> <span class='ocrx_word' id='word_1_132' title='bbox 697 2089 772 2152; x_wconf 84' lang='lat' dir='ltr'>quotie</span> <span class='ocrx_word' id='word_1_133' title='bbox 779 2087 819 2138; x_wconf 84' lang='lat' dir='ltr'>itte</span> <span class='ocrx_word' id='word_1_134' title='bbox 825 2089 933 2152; x_wconf 86' lang='lat' dir='ltr'>princepe</span> <span class='ocrx_word' id='word_1_135' title='bbox 942 2090 1012 2147; x_wconf 83' lang='lat' dir='ltr'>esset,</span> <span class='ocrx_word' id='word_1_136' title='bbox 1022 2090 1062 2136; x_wconf 86' lang='lat' dir='ltr'>sed</span> <span class='ocrx_word' id='word_1_137' title='bbox 1073 2087 1148 2150; x_wconf 87' lang='lat' dir='ltr'>quatis</span> <span class='ocrx_word' id='word_1_138' title='bbox 1158 2088 1252 2136; x_wconf 83' lang='lat' dir='ltr'>dederet</span> <span class='ocrx_word' id='word_1_139' title='bbox 1271 2103 1329 2137; x_wconf 87' lang='lat' dir='ltr'>esse.</span> <span class='ocrx_word' id='word_1_140' title='bbox 1364 2089 1394 2137; x_wconf 86' lang='lat' dir='ltr'>Si</span> 
     </span>
     <span class='ocr_line' id='line_1_18' title="bbox 294 2151 1392 2216; baseline 0 -16"><span class='ocrx_word' id='word_1_141' title='bbox 294 2153 401 2216; x_wconf 73' lang='lat' dir='ltr'>prodires</span> <span class='ocrx_word' id='word_1_142' title='bbox 411 2167 472 2201; x_wconf 80' lang='lat' dir='ltr'>sune</span> <span class='ocrx_word' id='word_1_143' title='bbox 487 2152 513 2200; x_wconf 87' lang='lat' dir='ltr'>in</span> <span class='ocrx_word' id='word_1_144' title='bbox 535 2154 577 2202; x_wconf 79' lang='lat' dir='ltr'>truc</span> <span class='ocrx_word' id='word_1_145' title='bbox 591 2167 676 2215; x_wconf 80' lang='lat' dir='ltr'>ouum,</span> <span class='ocrx_word' id='word_1_146' title='bbox 694 2155 786 2202; x_wconf 79' lang='lat' dir='ltr'>rideres</span> <span class='ocrx_word' id='word_1_147' title='bbox 796 2153 822 2202; x_wconf 88' lang='lat' dir='ltr'>in</span> <span class='ocrx_word' id='word_1_148' title='bbox 833 2158 912 2202; x_wconf 86' lang='lat' dir='ltr'>nostro</span> <span class='ocrx_word' id='word_1_149' title='bbox 925 2151 1053 2210; x_wconf 83' lang='lat' dir='ltr'>Gratiano,</span> <span class='ocrx_word' id='word_1_150' title='bbox 1065 2155 1125 2215; x_wconf 84' lang='lat' dir='ltr'>quod</span> <span class='ocrx_word' id='word_1_151' title='bbox 1135 2167 1182 2200; x_wconf 88' lang='lat' dir='ltr'>nan</span> <span class='ocrx_word' id='word_1_152' title='bbox 1198 2152 1291 2200; x_wconf 84' lang='lat' dir='ltr'>sideros</span> <span class='ocrx_word' id='word_1_153' title='bbox 1309 2153 1335 2200; x_wconf 83' lang='lat' dir='ltr'>in</span> <span class='ocrx_word' id='word_1_154' title='bbox 1353 2158 1392 2200; x_wconf 91' lang='lat' dir='ltr'>tuo</span> 
     </span>
     <span class='ocr_line' id='line_1_19' title="bbox 298 2215 1393 2280; baseline 0.001 -16"><span class='ocrx_word' id='word_1_155' title='bbox 298 2217 372 2280; x_wconf 79' lang='lat' dir='ltr'>Cyro,</span> <span class='ocrx_word' id='word_1_156' title='bbox 383 2218 423 2265; x_wconf 85' lang='lat' dir='ltr'>red</span> <span class='ocrx_word' id='word_1_157' title='bbox 438 2218 465 2264; x_wconf 87' lang='lat' dir='ltr'>in</span> <span class='ocrx_word' id='word_1_158' title='bbox 484 2231 510 2263; x_wconf 87' lang='lat' dir='ltr'>ro</span> <span class='ocrx_word' id='word_1_159' title='bbox 530 2218 644 2279; x_wconf 77' lang='lat' dir='ltr'>cupiebas.</span> <span class='ocrx_word' id='word_1_160' title='bbox 680 2219 715 2266; x_wconf 84' lang='lat' dir='ltr'>Et</span> <span class='ocrx_word' id='word_1_161' title='bbox 733 2222 860 2266; x_wconf 71' lang='lat' dir='ltr'>muctarem</span> <span class='ocrx_word' id='word_1_162' title='bbox 878 2217 922 2266; x_wconf 87' lang='lat' dir='ltr'>itta</span> <span class='ocrx_word' id='word_1_163' title='bbox 932 2217 1021 2271; x_wconf 86' lang='lat' dir='ltr'>omnia,</span> <span class='ocrx_word' id='word_1_164' title='bbox 1031 2231 1082 2278; x_wconf 81' lang='lat' dir='ltr'>qeoe</span> <span class='ocrx_word' id='word_1_165' title='bbox 1098 2215 1178 2264; x_wconf 85' lang='lat' dir='ltr'>notaui</span> <span class='ocrx_word' id='word_1_166' title='bbox 1195 2216 1320 2277; x_wconf 77' lang='lat' dir='ltr'>designata</span> <span class='ocrx_word' id='word_1_167' title='bbox 1331 2219 1393 2265; x_wconf 80' lang='lat' dir='ltr'>vetut</span> 
     </span>
    </p>
   </div>
   <div class='ocr_carea' id='block_1_4' title="bbox 296 2279 1486 2356">
    <p class='ocr_par' dir='ltr' id='par_1_4' title="bbox 296 2279 1486 2356">
     <span class='ocr_line' id='line_1_20' title="bbox 296 2279 1486 2356; baseline 0 -28"><span class='ocrx_word' id='word_1_168' title='bbox 296 2280 432 2344; x_wconf 68' lang='grc' dir='ltr'>φιὸὸωάαηι</span> <span class='ocrx_word' id='word_1_169' title='bbox 441 2279 554 2343; x_wconf 83' lang='lat' dir='ltr'>apicibus,</span> <span class='ocrx_word' id='word_1_170' title='bbox 562 2284 583 2329; x_wconf 88' lang='lat' dir='ltr'>si</span> <span class='ocrx_word' id='word_1_171' title='bbox 593 2283 684 2330; x_wconf 84' lang='lat' dir='ltr'>adesset</span> <span class='ocrx_word' id='word_1_172' title='bbox 695 2281 753 2328; x_wconf 82' lang='lat' dir='ltr'>mitri</span> <span class='ocrx_word' id='word_1_173' title='bbox 762 2282 892 2344; x_wconf 71' lang='lat' dir='ltr'>eloquentia</span> <span class='ocrx_word' id='word_1_174' title='bbox 900 2295 945 2342; x_wconf 90' lang='lat' dir='ltr'>par</span> <span class='ocrx_word' id='word_1_175' title='bbox 952 2281 1040 2339; x_wconf 87' lang='lat' dir='ltr'>studio,</span> <span class='ocrx_word' id='word_1_176' title='bbox 1051 2285 1118 2341; x_wconf 89' lang='lat' dir='ltr'>utque</span> <span class='ocrx_word' id='word_1_177' title='bbox 1127 2280 1218 2328; x_wconf 83' lang='lat' dir='ltr'>etionmi</span> <span class='ocrx_word' id='word_1_178' title='bbox 1226 2295 1273 2328; x_wconf 84' lang='lat' dir='ltr'>non</span> <span class='ocrx_word' id='word_1_179' title='bbox 1280 2279 1393 2330; x_wconf 81' lang='lat' dir='ltr'>abundem</span> <span class='ocrx_word' id='word_1_180' title='bbox 1485 2331 1486 2356; x_wconf 15' lang='grc' dir='ltr'>ζ</span> 
     </span>
    </p>
   </div>
   <div class='ocr_carea' id='block_1_5' title="bbox 295 2331 1393 2598">
    <p class='ocr_par' dir='ltr' id='par_1_5' title="bbox 295 2331 1393 2598">
     <span class='ocr_line' id='line_1_21' title="bbox 296 2331 1393 2407; baseline -0.001 -14"><span class='ocrx_word' id='word_1_181' title='bbox 296 2344 394 2406; x_wconf 85' lang='lat' dir='ltr'>etoquia,</span> <span class='ocrx_word' id='word_1_182' title='bbox 405 2345 513 2405; x_wconf 85' lang='lat' dir='ltr'>quoniam</span> <span class='ocrx_word' id='word_1_183' title='bbox 521 2343 649 2407; x_wconf 78' lang='lat' dir='ltr'>amplitudo</span> <span class='ocrx_word' id='word_1_184' title='bbox 658 2345 792 2406; x_wconf 80' lang='lat' dir='ltr'>argumenti</span> <span class='ocrx_word' id='word_1_185' title='bbox 800 2344 992 2394; x_wconf 71' lang='lat' dir='ltr'>subministraret</span> <span class='ocrx_word' id='word_1_186' title='bbox 1002 2345 1061 2407; x_wconf 79' lang='lat' dir='ltr'>stpto</span> <span class='ocrx_word' id='word_1_187' title='bbox 1075 2358 1125 2391; x_wconf 88' lang='lat' dir='ltr'>rneo</span> <span class='ocrx_word' id='word_1_188' title='bbox 1134 2345 1233 2406; x_wconf 84' lang='lat' dir='ltr'>copiam.</span> <span class='ocrx_word' id='word_1_189' title='bbox 1252 2331 1342 2393; x_wconf 62' lang='lat' dir='ltr'>Verum</span> <span class='ocrx_word' id='word_1_190' title='bbox 1352 2346 1393 2392; x_wconf 86' lang='lat' dir='ltr'>itta</span> 
     </span>
     <span class='ocr_line' id='line_1_22' title="bbox 296 2401 1392 2471; baseline 0 -15"><span class='ocrx_word' id='word_1_191' title='bbox 296 2423 341 2456; x_wconf 87' lang='lat' dir='ltr'>non</span> <span class='ocrx_word' id='word_1_192' title='bbox 348 2413 402 2456; x_wconf 85' lang='lat' dir='ltr'>sunt</span> <span class='ocrx_word' id='word_1_193' title='bbox 414 2407 482 2467; x_wconf 64' lang='lat' dir='ltr'>terum</span> <span class='ocrx_word' id='word_1_194' title='bbox 492 2409 549 2468; x_wconf 79' lang='lat' dir='ltr'>diei,</span> <span class='ocrx_word' id='word_1_195' title='bbox 562 2423 633 2470; x_wconf 85' lang='lat' dir='ltr'>neque</span> <span class='ocrx_word' id='word_1_196' title='bbox 643 2410 712 2469; x_wconf 70' lang='lat' dir='ltr'>trdus</span> <span class='ocrx_word' id='word_1_197' title='bbox 721 2409 843 2471; x_wconf 73' lang='lat' dir='ltr'>prepositi.</span> <span class='ocrx_word' id='word_1_198' title='bbox 881 2407 927 2459; x_wconf 86' lang='lat' dir='ltr'>Vos</span> <span class='ocrx_word' id='word_1_199' title='bbox 939 2401 978 2471; x_wconf 83' lang='lat' dir='ltr'>qui</span> <span class='ocrx_word' id='word_1_200' title='bbox 988 2408 1145 2470; x_wconf 68' lang='lat' dir='ltr'>praedicaturi</span> <span class='ocrx_word' id='word_1_201' title='bbox 1156 2409 1214 2456; x_wconf 84' lang='lat' dir='ltr'>estis</span> <span class='ocrx_word' id='word_1_202' title='bbox 1224 2409 1306 2456; x_wconf 81' lang='lat' dir='ltr'>tmedes</span> <span class='ocrx_word' id='word_1_203' title='bbox 1316 2410 1392 2457; x_wconf 83' lang='lat' dir='ltr'>nostri</span> 
     </span>
     <span class='ocr_line' id='line_1_23' title="bbox 296 2471 1393 2538; baseline 0.001 -19"><span class='ocrx_word' id='word_1_204' title='bbox 296 2471 460 2534; x_wconf 83' lang='lat' dir='ltr'>Imperatoris,</span> <span class='ocrx_word' id='word_1_205' title='bbox 467 2475 522 2520; x_wconf 83' lang='lat' dir='ltr'>‘erce</span> <span class='ocrx_word' id='word_1_206' title='bbox 532 2472 596 2520; x_wconf 80' lang='lat' dir='ltr'>rodis</span> <span class='ocrx_word' id='word_1_207' title='bbox 605 2472 674 2534; x_wconf 83' lang='lat' dir='ltr'>quari</span> <span class='ocrx_word' id='word_1_208' title='bbox 683 2471 882 2538; x_wconf 66' lang='lat' dir='ltr'>seminariumex</span> <span class='ocrx_word' id='word_1_209' title='bbox 893 2489 936 2535; x_wconf 90' lang='lat' dir='ltr'>quo</span> <span class='ocrx_word' id='word_1_210' title='bbox 952 2471 1080 2520; x_wconf 73' lang='lat' dir='ltr'>conseratis</span> <span class='ocrx_word' id='word_1_211' title='bbox 1093 2487 1149 2519; x_wconf 88' lang='lat' dir='ltr'>arou</span> <span class='ocrx_word' id='word_1_212' title='bbox 1161 2478 1294 2520; x_wconf 85' lang='lat' dir='ltr'>uestrarum</span> <span class='ocrx_word' id='word_1_213' title='bbox 1304 2473 1393 2522; x_wconf 71' lang='lat' dir='ltr'>oratio</span> 
     </span>
     <span class='ocr_line' id='line_1_24' title="bbox 295 2535 1392 2598; baseline 0.002 -16"><span class='ocrx_word' id='word_1_214' title='bbox 295 2549 361 2583; x_wconf 83' lang='lat' dir='ltr'>sum.</span> <span class='ocrx_word' id='word_1_215' title='bbox 396 2535 448 2594; x_wconf 82' lang='lat' dir='ltr'>Ego</span> <span class='ocrx_word' id='word_1_216' title='bbox 468 2536 550 2582; x_wconf 83' lang='lat' dir='ltr'>leuiter</span> <span class='ocrx_word' id='word_1_217' title='bbox 571 2537 673 2584; x_wconf 82' lang='lat' dir='ltr'>detiteaoi</span> <span class='ocrx_word' id='word_1_218' title='bbox 688 2537 753 2584; x_wconf 81' lang='lat' dir='ltr'>trac.-</span> <span class='ocrx_word' id='word_1_219' title='bbox 773 2535 807 2595; x_wconf 75' lang='lat' dir='ltr'>er,</span> <span class='ocrx_word' id='word_1_220' title='bbox 828 2543 854 2584; x_wconf 90' lang='lat' dir='ltr'>ut</span> <span class='ocrx_word' id='word_1_221' title='bbox 876 2551 954 2584; x_wconf 74' lang='lat' dir='ltr'>oannes</span> <span class='ocrx_word' id='word_1_222' title='bbox 969 2541 1067 2595; x_wconf 84' lang='lat' dir='ltr'>norunt,</span> <span class='ocrx_word' id='word_1_223' title='bbox 1083 2550 1175 2598; x_wconf 86' lang='lat' dir='ltr'>possum</span> <span class='ocrx_word' id='word_1_224' title='bbox 1194 2536 1271 2586; x_wconf 82' lang='lat' dir='ltr'>uideri</span> <span class='ocrx_word' id='word_1_225' title='bbox 1283 2552 1329 2585; x_wconf 83' lang='lat' dir='ltr'>aon</span> <span class='ocrx_word' id='word_1_226' title='bbox 1343 2543 1392 2584; x_wconf 85' lang='lat' dir='ltr'>tum</span> 
     </span>
    </p>
   </div>
   <div class='ocr_carea' id='block_1_6' title="bbox 296 2598 1485 2663">
    <p class='ocr_par' dir='ltr' id='par_1_6' title="bbox 296 2598 1485 2663">
     <span class='ocr_line' id='line_1_25' title="bbox 296 2598 1485 2663; baseline 0 -17"><span class='ocrx_word' id='word_1_227' title='bbox 296 2599 392 2646; x_wconf 71' lang='lat' dir='ltr'>lmdore</span> <span class='ocrx_word' id='word_1_228' title='bbox 408 2598 456 2646; x_wconf 85' lang='lat' dir='ltr'>ista</span> <span class='ocrx_word' id='word_1_229' title='bbox 474 2598 590 2647; x_wconf 77' lang='lat' dir='ltr'>interiora</span> <span class='ocrx_word' id='word_1_230' title='bbox 600 2616 669 2663; x_wconf 88' lang='lat' dir='ltr'>quam</span> <span class='ocrx_word' id='word_1_231' title='bbox 683 2599 825 2662; x_wconf 80' lang='lat' dir='ltr'>patefacere,</span> <span class='ocrx_word' id='word_1_232' title='bbox 837 2605 917 2662; x_wconf 84' lang='lat' dir='ltr'>utpote</span> <span class='ocrx_word' id='word_1_233' title='bbox 931 2601 1051 2662; x_wconf 63' lang='lat' dir='ltr'>expositor</span> <span class='ocrx_word' id='word_1_234' title='bbox 1067 2604 1168 2648; x_wconf 84' lang='lat' dir='ltr'>secretus</span> <span class='ocrx_word' id='word_1_235' title='bbox 1178 2615 1258 2649; x_wconf 88' lang='lat' dir='ltr'>eorum</span> <span class='ocrx_word' id='word_1_236' title='bbox 1267 2615 1321 2663; x_wconf 84' lang='lat' dir='ltr'>quur</span> <span class='ocrx_word' id='word_1_237' title='bbox 1338 2617 1391 2660; x_wconf 85' lang='lat' dir='ltr'>cog·</span> <span class='ocrx_word' id='word_1_238' title='bbox 1484 2633 1485 2640; x_wconf 20' lang='grc' dir='ltr'><strong>κ</strong></span> 
     </span>
    </p>
   </div>
   <div class='ocr_carea' id='block_1_7' title="bbox 296 2658 1391 2728">
    <p class='ocr_par' dir='ltr' id='par_1_7' title="bbox 296 2658 1391 2728">
     <span class='ocr_line' id='line_1_26' title="bbox 296 2658 1391 2728; baseline 0.003 -18"><span class='ocrx_word' id='word_1_239' title='bbox 296 2662 351 2712; x_wconf 75' lang='lat' dir='ltr'>sori</span> <span class='ocrx_word' id='word_1_240' title='bbox 366 2663 392 2711; x_wconf 80' lang='lat' dir='ltr'>ia</span> <span class='ocrx_word' id='word_1_241' title='bbox 403 2664 469 2712; x_wconf 84' lang='lat' dir='ltr'>domo</span> <span class='ocrx_word' id='word_1_242' title='bbox 487 2665 606 2725; x_wconf 74' lang='lat' dir='ltr'>Augusta.</span> <span class='ocrx_word' id='word_1_243' title='bbox 641 2664 674 2713; x_wconf 83' lang='lat' dir='ltr'>Et</span> <span class='ocrx_word' id='word_1_244' title='bbox 686 2658 876 2728; x_wconf 79' lang='lat' dir='ltr'>quemadmodum</span> <span class='ocrx_word' id='word_1_245' title='bbox 885 2665 939 2713; x_wconf 81' lang='lat' dir='ltr'>dixi</span> <span class='ocrx_word' id='word_1_246' title='bbox 950 2666 1000 2713; x_wconf 78' lang='lat' dir='ltr'>ioec</span> <span class='ocrx_word' id='word_1_247' title='bbox 1010 2666 1039 2712; x_wconf 85' lang='lat' dir='ltr'>de</span> <span class='ocrx_word' id='word_1_248' title='bbox 1049 2664 1080 2712; x_wconf 85' lang='lat' dir='ltr'>iis</span> <span class='ocrx_word' id='word_1_249' title='bbox 1089 2669 1140 2727; x_wconf 80' lang='lat' dir='ltr'>&#39;ques</span> <span class='ocrx_word' id='word_1_250' title='bbox 1158 2679 1210 2727; x_wconf 83' lang='lat' dir='ltr'>ego,</span> <span class='ocrx_word' id='word_1_251' title='bbox 1221 2670 1243 2714; x_wconf 86' lang='lat' dir='ltr'>et</span> <span class='ocrx_word' id='word_1_252' title='bbox 1255 2664 1391 2724; x_wconf 76' lang='lat' dir='ltr'>familiares</span> 
     </span>
    </p>
   </div>
   <div class='ocr_carea' id='block_1_8' title="bbox 293 2935 1391 3001">
    <p class='ocr_par' dir='ltr' id='par_1_8' title="bbox 293 2935 1391 3001">
     <span class='ocr_line' id='line_1_27' title="bbox 293 2935 1391 3001; baseline -0.002 -16"><span class='ocrx_word' id='word_1_253' title='bbox 293 2935 387 2998; x_wconf 76' lang='lat' dir='ltr'>putretis</span> <span class='ocrx_word' id='word_1_254' title='bbox 407 2937 476 3001; x_wconf 79' lang='lat' dir='ltr'>vulg.</span> <span class='ocrx_word' id='word_1_255' title='bbox 499 2937 627 2988; x_wconf 84' lang='lat' dir='ltr'>Titianum</span> <span class='ocrx_word' id='word_1_256' title='bbox 649 2939 789 3001; x_wconf 84' lang='lat' dir='ltr'>exemplar,</span> <span class='ocrx_word' id='word_1_257' title='bbox 806 2935 883 2986; x_wconf 81' lang='lat' dir='ltr'>omnio</span> <span class='ocrx_word' id='word_1_258' title='bbox 899 2951 950 2999; x_wconf 85' lang='lat' dir='ltr'>que</span> <span class='ocrx_word' id='word_1_259' title='bbox 964 2937 1132 3000; x_wconf 76' lang='lat' dir='ltr'>punctis-lo</span> <span class='ocrx_word' id='word_1_260' title='bbox 1148 2937 1175 2987; x_wconf 79' lang='lat' dir='ltr'>S.</span> <span class='ocrx_word' id='word_1_261' title='bbox 1198 2952 1329 3001; x_wconf 86' lang='lat' dir='ltr'>quanquam</span> <span class='ocrx_word' id='word_1_262' title='bbox 1347 2949 1391 2984; x_wconf 84' lang='lat' dir='ltr'>non</span> 
     </span>
    </p>
   </div>
   <div class='ocr_carea' id='block_1_9' title="bbox 791 3082 897 3133">
    <p class='ocr_par' dir='ltr' id='par_1_9' title="bbox 791 3082 897 3133">
     <span class='ocr_line' id='line_1_28' title="bbox 791 3082 897 3133; baseline -0.009 0"><span class='ocrx_word' id='word_1_263' title='bbox 791 3082 897 3133; x_wconf 80' lang='lat' dir='ltr'><strong>NOTAE</strong></span> 
     </span>
    </p>
   </div>
   <div class='ocr_carea' id='block_1_10' title="bbox 295 3193 1395 3411">
    <p class='ocr_par' dir='ltr' id='par_1_10' title="bbox 295 3193 1395 3411">
     <span class='ocr_line' id='line_1_29' title="bbox 328 3193 959 3260; baseline 0.006 -18"><span class='ocrx_word' id='word_1_264' title='bbox 328 3193 391 3243; x_wconf 64' lang='lat' dir='ltr'>*Aa</span> <span class='ocrx_word' id='word_1_265' title='bbox 413 3196 473 3259; x_wconf 76' lang='lat' dir='ltr'>Cyri</span> <span class='ocrx_word' id='word_1_266' title='bbox 494 3197 593 3246; x_wconf 76' lang='lat' dir='ltr'>rimutes</span> <span class='ocrx_word' id='word_1_267' title='bbox 615 3196 823 3260; x_wconf 81' lang='lat' dir='ltr'>exequendas]1u</span> <span class='ocrx_word' id='word_1_268' title='bbox 868 3201 959 3260; x_wconf 84' lang='lat' dir='ltr'>queat.</span> 
     </span>
     <span class='ocr_line' id='line_1_30' title="bbox 295 3267 1390 3336; baseline 0.004 -18"><span class='ocrx_word' id='word_1_269' title='bbox 295 3267 388 3318; x_wconf 79' lang='lat' dir='ltr'>Perdis</span> <span class='ocrx_word' id='word_1_270' title='bbox 404 3270 475 3334; x_wconf 79' lang='lat' dir='ltr'>Cyri,</span> <span class='ocrx_word' id='word_1_271' title='bbox 495 3272 539 3321; x_wconf 88' lang='lat' dir='ltr'>nbi</span> <span class='ocrx_word' id='word_1_272' title='bbox 556 3273 619 3336; x_wconf 84' lang='lat' dir='ltr'>Cyri</span> <span class='ocrx_word' id='word_1_273' title='bbox 643 3273 823 3323; x_wconf 86' lang='lat' dir='ltr'>educationem</span> <span class='ocrx_word' id='word_1_274' title='bbox 896 3272 958 3319; x_wconf 83' lang='lat' dir='ltr'>&#39;Et</span> <span class='ocrx_word' id='word_1_275' title='bbox 977 3276 1105 3334; x_wconf 78' lang='lat' dir='ltr'>quanquam</span> <span class='ocrx_word' id='word_1_276' title='bbox 1125 3287 1171 3322; x_wconf 85' lang='lat' dir='ltr'>aon</span> <span class='ocrx_word' id='word_1_277' title='bbox 1189 3273 1305 3336; x_wconf 85' lang='lat' dir='ltr'>copiosus]</span> <span class='ocrx_word' id='word_1_278' title='bbox 1322 3273 1390 3322; x_wconf 85' lang='lat' dir='ltr'>lund</span> 
     </span>
     <span class='ocr_line' id='line_1_31' title="bbox 295 3347 1395 3411; baseline 0.002 -17"><span class='ocrx_word' id='word_1_279' title='bbox 295 3351 322 3394; x_wconf 88' lang='lat' dir='ltr'>et</span> <span class='ocrx_word' id='word_1_280' title='bbox 334 3359 418 3394; x_wconf 85' lang='lat' dir='ltr'>mores</span> <span class='ocrx_word' id='word_1_281' title='bbox 430 3361 480 3395; x_wconf 91' lang='lat' dir='ltr'>nou</span> <span class='ocrx_word' id='word_1_282' title='bbox 503 3347 535 3396; x_wconf 83' lang='lat' dir='ltr'>ed</span> <span class='ocrx_word' id='word_1_283' title='bbox 555 3347 668 3398; x_wconf 78' lang='lat' dir='ltr'>historia</span> <span class='ocrx_word' id='word_1_284' title='bbox 680 3348 766 3405; x_wconf 84' lang='lat' dir='ltr'>fidem,</span> <span class='ocrx_word' id='word_1_285' title='bbox 777 3348 823 3397; x_wconf 87' lang='lat' dir='ltr'>sed</span> <span class='ocrx_word' id='word_1_286' title='bbox 863 3353 897 3408; x_wconf 86' lang='lat' dir='ltr'>et,</span> <span class='ocrx_word' id='word_1_287' title='bbox 911 3347 980 3411; x_wconf 91' lang='lat' dir='ltr'>quod</span> <span class='ocrx_word' id='word_1_288' title='bbox 992 3348 1173 3396; x_wconf 72' lang='lat' dir='ltr'>excidentes</span> <span class='ocrx_word' id='word_1_289' title='bbox 1183 3349 1322 3398; x_wconf 81' lang='lat' dir='ltr'>occasions</span> <span class='ocrx_word' id='word_1_290' title='bbox 1337 3362 1395 3410; x_wconf 86' lang='lat' dir='ltr'>pos·</span> 
     </span>
    </p>
   </div>
   <div class='ocr_carea' id='block_1_11' title="bbox 296 3417 1484 3486">
    <p class='ocr_par' dir='ltr' id='par_1_11' title="bbox 296 3417 1484 3486">
     <span class='ocr_line' id='line_1_32' title="bbox 296 3417 1484 3486; baseline 0.001 -17"><span class='ocrx_word' id='word_1_291' title='bbox 296 3419 451 3483; x_wconf 78' lang='lat' dir='ltr'>sdeffigieru</span> <span class='ocrx_word' id='word_1_292' title='bbox 470 3422 538 3484; x_wconf 84' lang='lat' dir='ltr'>justi</span> <span class='ocrx_word' id='word_1_293' title='bbox 559 3422 667 3486; x_wconf 85' lang='lat' dir='ltr'>Imperii</span> <span class='ocrx_word' id='word_1_294' title='bbox 688 3423 822 3486; x_wconf 84' lang='lat' dir='ltr'>describit,</span> <span class='ocrx_word' id='word_1_295' title='bbox 864 3431 955 3472; x_wconf 74' lang='lat' dir='ltr'>tremes</span> <span class='ocrx_word' id='word_1_296' title='bbox 978 3422 1084 3486; x_wconf 75' lang='lat' dir='ltr'>syllabae</span> <span class='ocrx_word' id='word_1_297' title='bbox 1113 3422 1184 3470; x_wconf 85' lang='lat' dir='ltr'>voris</span> <span class='ocrx_word' id='word_1_298' title='bbox 1217 3423 1390 3485; x_wconf 73' lang='lat' dir='ltr'>precedentis</span> <span class='ocrx_word' id='word_1_299' title='bbox 1483 3417 1484 3480; x_wconf 58' lang='grc' dir='ltr'><strong>ἶ</strong></span> 
     </span>
    </p>
   </div>
   <div class='ocr_carea' id='block_1_12' title="bbox 293 3494 1393 3711">
    <p class='ocr_par' dir='ltr' id='par_1_12' title="bbox 293 3494 1393 3711">
     <span class='ocr_line' id='line_1_33' title="bbox 294 3494 1391 3561; baseline 0.003 -17"><span class='ocrx_word' id='word_1_300' title='bbox 294 3500 324 3544; x_wconf 84' lang='lat' dir='ltr'>ut</span> <span class='ocrx_word' id='word_1_301' title='bbox 333 3494 465 3544; x_wconf 83' lang='lat' dir='ltr'>Ciceronis</span> <span class='ocrx_word' id='word_1_302' title='bbox 475 3496 562 3545; x_wconf 82' lang='lat' dir='ltr'>verbis</span> <span class='ocrx_word' id='word_1_303' title='bbox 571 3503 639 3546; x_wconf 85' lang='lat' dir='ltr'>uter.</span> <span class='ocrx_word' id='word_1_304' title='bbox 690 3515 691 3524; x_wconf 54' lang='lat'>¹</span> <span class='ocrx_word' id='word_1_305' title='bbox 862 3501 1005 3560; x_wconf 80' lang='lat' dir='ltr'>suppeteret,</span> <span class='ocrx_word' id='word_1_306' title='bbox 1017 3497 1091 3559; x_wconf 84' lang='lat' dir='ltr'>cnjus</span> <span class='ocrx_word' id='word_1_307' title='bbox 1103 3497 1240 3546; x_wconf 86' lang='lat' dir='ltr'>videbatur</span> <span class='ocrx_word' id='word_1_308' title='bbox 1252 3512 1309 3546; x_wconf 84' lang='lat' dir='ltr'>esse</span> <span class='ocrx_word' id='word_1_309' title='bbox 1321 3513 1391 3561; x_wconf 75' lang='lat' dir='ltr'>‹putee-</span> 
     </span>
     <span class='ocr_line' id='line_1_34' title="bbox 326 3569 1392 3636; baseline 0.003 -17"><span class='ocrx_word' id='word_1_310' title='bbox 326 3569 341 3600; x_wconf 74' lang='lat'><em>*</em></span> <span class='ocrx_word' id='word_1_311' title='bbox 359 3570 488 3634; x_wconf 76' lang='lat' dir='ltr'>Xenophon</span> <span class='ocrx_word' id='word_1_312' title='bbox 499 3571 590 3634; x_wconf 78' lang='lat' dir='ltr'>Attice,</span> <span class='ocrx_word' id='word_1_313' title='bbox 604 3579 638 3634; x_wconf 85' lang='lat' dir='ltr'>tu,</span> <span class='ocrx_word' id='word_1_314' title='bbox 651 3572 692 3635; x_wconf 85' lang='lat' dir='ltr'>qui</span> <span class='ocrx_word' id='word_1_315' title='bbox 709 3575 740 3621; x_wconf 88' lang='lat' dir='ltr'>ad</span> <span class='ocrx_word' id='word_1_316' title='bbox 763 3574 822 3636; x_wconf 78' lang='lat' dir='ltr'>Cyri</span> <span class='ocrx_word' id='word_1_317' title='bbox 863 3573 920 3622; x_wconf 80' lang='lat' dir='ltr'>deur</span> <span class='ocrx_word' id='word_1_318' title='bbox 955 3573 1087 3636; x_wconf 81' lang='lat' dir='ltr'>repetitio,</span> <span class='ocrx_word' id='word_1_319' title='bbox 1119 3573 1308 3622; x_wconf 81' lang='lat' dir='ltr'>restituendum</span> <span class='ocrx_word' id='word_1_320' title='bbox 1334 3585 1392 3622; x_wconf 83' lang='lat' dir='ltr'>esso</span> 
     </span>
     <span class='ocr_line' id='line_1_35' title="bbox 293 3646 1393 3711; baseline 0.001 -16"><span class='ocrx_word' id='word_1_321' title='bbox 293 3646 394 3696; x_wconf 81' lang='lat' dir='ltr'>uirtutes</span> <span class='ocrx_word' id='word_1_322' title='bbox 403 3649 547 3710; x_wconf 76' lang='lat' dir='ltr'>exequendas</span> <span class='ocrx_word' id='word_1_323' title='bbox 561 3653 640 3697; x_wconf 82' lang='lat' dir='ltr'>sotum</span> <span class='ocrx_word' id='word_1_324' title='bbox 653 3647 741 3710; x_wconf 83' lang='lat' dir='ltr'>potius,</span> <span class='ocrx_word' id='word_1_325' title='bbox 751 3663 822 3711; x_wconf 82' lang='lat' dir='ltr'>quom</span> <span class='ocrx_word' id='word_1_326' title='bbox 862 3656 934 3698; x_wconf 88' lang='lat' dir='ltr'>recte</span> <span class='ocrx_word' id='word_1_327' title='bbox 946 3647 1010 3696; x_wconf 82' lang='lat' dir='ltr'>vidit</span> <span class='ocrx_word' id='word_1_328' title='bbox 1022 3646 1165 3697; x_wconf 83' lang='lat' dir='ltr'>Acideiius.</span> <span class='ocrx_word' id='word_1_329' title='bbox 1200 3648 1277 3707; x_wconf 72' lang='lat' dir='ltr'>lund,</span> <span class='ocrx_word' id='word_1_330' title='bbox 1289 3653 1312 3696; x_wconf 89' lang='lat' dir='ltr'>et</span> <span class='ocrx_word' id='word_1_331' title='bbox 1321 3663 1393 3710; x_wconf 82' lang='lat' dir='ltr'>pean·</span> 
     </span>
    </p>
   </div>
   <div class='ocr_carea' id='block_1_13' title="bbox 293 3722 1483 3876">
    <p class='ocr_par' dir='ltr' id='par_1_13' title="bbox 293 3722 1483 3876">
     <span class='ocr_line' id='line_1_36' title="bbox 293 3722 1483 3788; baseline -0.001 -16"><span class='ocrx_word' id='word_1_332' title='bbox 293 3723 417 3772; x_wconf 73' lang='lat' dir='ltr'>historiam</span> <span class='ocrx_word' id='word_1_333' title='bbox 440 3722 602 3785; x_wconf 79' lang='lat' dir='ltr'>commodasti]</span> <span class='ocrx_word' id='word_1_334' title='bbox 628 3724 727 3772; x_wconf 81' lang='lat' dir='ltr'>Extant</span> <span class='ocrx_word' id='word_1_335' title='bbox 743 3737 821 3785; x_wconf 86' lang='lat' dir='ltr'>super</span> <span class='ocrx_word' id='word_1_336' title='bbox 862 3739 931 3788; x_wconf 84' lang='lat' dir='ltr'>quum</span> <span class='ocrx_word' id='word_1_337' title='bbox 950 3739 995 3772; x_wconf 84' lang='lat' dir='ltr'>san</span> <span class='ocrx_word' id='word_1_338' title='bbox 1011 3723 1125 3786; x_wconf 84' lang='lat' dir='ltr'>copiosus,</span> <span class='ocrx_word' id='word_1_339' title='bbox 1140 3725 1268 3772; x_wconf 84' lang='lat' dir='ltr'>correctio</span> <span class='ocrx_word' id='word_1_340' title='bbox 1284 3731 1325 3772; x_wconf 90' lang='lat' dir='ltr'>est</span> <span class='ocrx_word' id='word_1_341' title='bbox 1337 3723 1391 3785; x_wconf 85' lang='lat' dir='ltr'>ejus</span> <span class='ocrx_word' id='word_1_342' title='bbox 1482 3775 1483 3780; x_wconf 19' lang='lat' dir='ltr'>q</span> 
     </span>
     <span class='ocr_line' id='line_1_37' title="bbox 293 3797 1483 3876; baseline 0 -29"><span class='ocrx_word' id='word_1_343' title='bbox 293 3799 342 3849; x_wconf 86' lang='lat' dir='ltr'>hoc</span> <span class='ocrx_word' id='word_1_344' title='bbox 362 3807 513 3862; x_wconf 78' lang='lat' dir='ltr'>ergrrmento</span> <span class='ocrx_word' id='word_1_345' title='bbox 529 3799 725 3848; x_wconf 86' lang='lat' dir='ltr'>dissertationes</span> <span class='ocrx_word' id='word_1_346' title='bbox 737 3799 822 3848; x_wconf 75' lang='lat' dir='ltr'>durare</span> <span class='ocrx_word' id='word_1_347' title='bbox 863 3799 931 3863; x_wconf 89' lang='lat' dir='ltr'>quod</span> <span class='ocrx_word' id='word_1_348' title='bbox 952 3799 1097 3861; x_wconf 68' lang='lat' dir='ltr'>precessit,</span> <span class='ocrx_word' id='word_1_349' title='bbox 1125 3799 1171 3847; x_wconf 88' lang='lat' dir='ltr'>‘ei</span> <span class='ocrx_word' id='word_1_350' title='bbox 1200 3797 1321 3848; x_wconf 80' lang='lat' dir='ltr'>fecundia</span> <span class='ocrx_word' id='word_1_351' title='bbox 1343 3813 1391 3862; x_wconf 91' lang='lat' dir='ltr'>pro</span> <span class='ocrx_word' id='word_1_352' title='bbox 1482 3839 1483 3876; x_wconf 59' lang='lat'>3</span> 
     </span>
    </p>
   </div>
   <div class='ocr_carea' id='block_1_14' title="bbox 292 3872 1394 4242">
    <p class='ocr_par' dir='ltr' id='par_1_14' title="bbox 294 3872 1262 3934">
     <span class='ocr_line' id='line_1_38' title="bbox 294 3872 1262 3934; baseline 0 -10"><span class='ocrx_word' id='word_1_353' title='bbox 294 3875 441 3924; x_wconf 81' lang='lat' dir='ltr'>clarissimis</span> <span class='ocrx_word' id='word_1_354' title='bbox 458 3875 519 3924; x_wconf 85' lang='lat' dir='ltr'>viris</span> <span class='ocrx_word' id='word_1_355' title='bbox 539 3876 655 3924; x_wconf 86' lang='lat' dir='ltr'>Bannier</span> <span class='ocrx_word' id='word_1_356' title='bbox 681 3882 709 3924; x_wconf 84' lang='lat' dir='ltr'>et</span> <span class='ocrx_word' id='word_1_357' title='bbox 729 3877 822 3924; x_wconf 84' lang='lat' dir='ltr'>Freret</span> <span class='ocrx_word' id='word_1_358' title='bbox 863 3874 997 3922; x_wconf 78' lang='lat' dir='ltr'>volumtate</span> <span class='ocrx_word' id='word_1_359' title='bbox 1008 3872 1180 3934; x_wconf 70' lang='lat' dir='ltr'>suppeteret!</span> <span class='ocrx_word' id='word_1_360' title='bbox 1257 3915 1262 3924; x_wconf 88' lang='lat'><em>.</em></span> 
     </span>
    </p>

    <p class='ocr_par' dir='ltr' id='par_1_15' title="bbox 292 3947 1394 4242">
     <span class='ocr_line' id='line_1_39' title="bbox 293 3947 1391 4014; baseline -0.002 -14"><span class='ocrx_word' id='word_1_361' title='bbox 293 3951 382 4014; x_wconf 69' lang='lat' dir='ltr'>Regiae</span> <span class='ocrx_word' id='word_1_362' title='bbox 393 3951 517 4014; x_wconf 82' lang='lat' dir='ltr'>inscript.</span> <span class='ocrx_word' id='word_1_363' title='bbox 530 3964 560 3999; x_wconf 88' lang='lat' dir='ltr'>ac</span> <span class='ocrx_word' id='word_1_364' title='bbox 569 3950 682 4000; x_wconf 80' lang='lat' dir='ltr'>flumen.</span> <span class='ocrx_word' id='word_1_365' title='bbox 693 3950 744 3999; x_wconf 81' lang='lat' dir='ltr'>Lit·</span> <span class='ocrx_word' id='word_1_366' title='bbox 756 3949 824 3999; x_wconf 86' lang='lat' dir='ltr'>Ace·</span> <span class='ocrx_word' id='word_1_367' title='bbox 897 3959 913 3982; x_wconf 81' lang='lat'>&#39;¹</span> <span class='ocrx_word' id='word_1_368' title='bbox 930 3948 1044 4010; x_wconf 79' lang='lat' dir='ltr'>Habetis]</span> <span class='ocrx_word' id='word_1_369' title='bbox 1061 3947 1092 3997; x_wconf 91' lang='lat' dir='ltr'>In</span> <span class='ocrx_word' id='word_1_370' title='bbox 1102 3949 1142 3997; x_wconf 84' lang='lat' dir='ltr'>trie</span> <span class='ocrx_word' id='word_1_371' title='bbox 1157 3964 1215 4013; x_wconf 77' lang='lat' dir='ltr'>quae</span> <span class='ocrx_word' id='word_1_372' title='bbox 1227 3963 1306 4012; x_wconf 78' lang='lat' dir='ltr'>supra</span> <span class='ocrx_word' id='word_1_373' title='bbox 1318 3951 1391 4013; x_wconf 87' lang='lat' dir='ltr'>quasi</span> 
     </span>
     <span class='ocr_line' id='line_1_40' title="bbox 293 4025 1381 4090; baseline -0.003 -15"><span class='ocrx_word' id='word_1_374' title='bbox 293 4027 383 4076; x_wconf 72' lang='lat' dir='ltr'>demin</span> <span class='ocrx_word' id='word_1_375' title='bbox 391 4028 475 4076; x_wconf 83' lang='lat' dir='ltr'>Sociis</span> <span class='ocrx_word' id='word_1_376' title='bbox 487 4027 714 4090; x_wconf 53' lang='lat' dir='ltr'>conscriptaque*</span> <span class='ocrx_word' id='word_1_377' title='bbox 723 4041 782 4074; x_wconf 87' lang='lat' dir='ltr'>mox</span> <span class='ocrx_word' id='word_1_378' title='bbox 795 4026 821 4074; x_wconf 91' lang='lat' dir='ltr'>in</span> <span class='ocrx_word' id='word_1_379' title='bbox 864 4028 967 4090; x_wconf 79' lang='lat' dir='ltr'>purnctis</span> <span class='ocrx_word' id='word_1_380' title='bbox 979 4025 1125 4074; x_wconf 86' lang='lat' dir='ltr'>acuminata</span> <span class='ocrx_word' id='word_1_381' title='bbox 1136 4025 1245 4088; x_wconf 73' lang='lat' dir='ltr'>signari.</span> <span class='ocrx_word' id='word_1_382' title='bbox 1379 4029 1381 4036; x_wconf 92' lang='lat'>&#39;</span> 
     </span>
     <span class='ocr_line' id='line_1_41' title="bbox 292 4100 1394 4167; baseline 0.003 -17"><span class='ocrx_word' id='word_1_383' title='bbox 292 4103 376 4151; x_wconf 85' lang='lat' dir='ltr'>lucem</span> <span class='ocrx_word' id='word_1_384' title='bbox 388 4104 539 4166; x_wconf 88' lang='lat' dir='ltr'>prodibunt,</span> <span class='ocrx_word' id='word_1_385' title='bbox 550 4103 737 4166; x_wconf 79' lang='lat' dir='ltr'>continentque</span> <span class='ocrx_word' id='word_1_386' title='bbox 750 4101 822 4164; x_wconf 82' lang='lat' dir='ltr'>quic·</span> <span class='ocrx_word' id='word_1_387' title='bbox 893 4105 906 4135; x_wconf 80' lang='lat'><em>¹</em></span> <span class='ocrx_word' id='word_1_388' title='bbox 922 4101 1090 4164; x_wconf 77' lang='lat' dir='ltr'>Seminarium,</span> <span class='ocrx_word' id='word_1_389' title='bbox 1101 4103 1169 4164; x_wconf 81' lang='lat' dir='ltr'>aede,</span> <span class='ocrx_word' id='word_1_390' title='bbox 1186 4101 1241 4165; x_wconf 74' lang='lat' dir='ltr'>tra]</span> <span class='ocrx_word' id='word_1_391' title='bbox 1259 4100 1394 4167; x_wconf 72' lang='lat' dir='ltr'>Attegoris</span> 
     </span>
     <span class='ocr_line' id='line_1_42' title="bbox 293 4176 1036 4242; baseline 0.001 -17"><span class='ocrx_word' id='word_1_392' title='bbox 293 4178 353 4241; x_wconf 88' lang='lat' dir='ltr'>quid</span> <span class='ocrx_word' id='word_1_393' title='bbox 381 4179 407 4227; x_wconf 88' lang='lat' dir='ltr'>in</span> <span class='ocrx_word' id='word_1_394' title='bbox 435 4188 569 4242; x_wconf 82' lang='lat' dir='ltr'>utromque</span> <span class='ocrx_word' id='word_1_395' title='bbox 602 4183 701 4241; x_wconf 79' lang='lat' dir='ltr'>partem</span> <span class='ocrx_word' id='word_1_396' title='bbox 735 4176 822 4228; x_wconf 80' lang='lat' dir='ltr'>afferri</span> <span class='ocrx_word' id='word_1_397' title='bbox 862 4178 1036 4228; x_wconf 83' lang='lat' dir='ltr'>srerustice.</span> 
     </span>
    </p>
   </div>
   <div class='ocr_carea' id='block_1_15' title="bbox 0 0 1505 4882">
    <p class='ocr_par' dir='ltr' id='par_1_16' title="bbox 0 0 1505 4882">
     <span class='ocr_line' id='line_1_43' title="bbox 0 0 1505 4882; baseline 0 0"><span class='ocrx_word' id='word_1_398' title='bbox 0 0 1505 4882; x_wconf 95' lang='lat' dir='ltr'> </span> 
     </span>
    </p>
   </div>
  </div>
 </body>
</html>
