3034 4878
279 338 344 402 816
751 349 906 402 nuscum

281 495 436 560 Priamus
459 501 634 578 spectate
660 496 783 561 muris:
805 503 839 560 et
852 502 1038 564 monstratu
1060 492 1202 562 Helenae
1224 497 1267 560 de
1294 497 1374 561 viris

277 598 459 680 insignibus
474 597 644 662 edocetur·
680 600 713 662 5.
727 599 857 663 Dehinc
872 598 1051 663 Menelaus
1063 597 1107 663 ad
1123 597 1292 680 singulare
1302 618 1375 664 cer-

279 711 390 769 tamen
412 702 457 766 ab
479 698 670 766 Alexandro
693 707 907 784 provocatur.
953 701 1024 780 Qui
1048 698 1172 766 frustra
1194 699 1377 783 Agamem-

280 823 364 869 none
378 803 572 868 dehortante
586 803 806 886 congreditur,
828 804 921 868 fucta
946 804 1030 868 inter
1049 808 1208 885 utrosque
1227 803 1376 886 populos

282 906 476 989 sponsione,
497 911 532 968 et
546 901 673 970 ioedere
688 923 749 988 per
763 925 860 971 seem
873 906 1013 983 firmato,
1037 905 1099 970 sub
1116 923 1159 969 ea
1173 903 1375 981 conditione,

279 1014 319 1072 ut
333 1007 493 1073 victorem
509 1005 641 1072 Helena
654 1025 730 1072 cum
744 1008 824 1074 dote
845 1013 1045 1094 sequeretur.
1088 1008 1120 1072 6.
1143 1006 1210 1070 Sed
1236 1023 1377 1089 supera-

281 1117 335 1175 tus
349 1109 457 1188 Paris,
472 1126 707 1193 regressusque
733 1110 777 1174 ad
803 1111 930 1188 urbem,
951 1109 1064 1194 jurgio
1085 1109 1224 1172 uxoris·
1244 1107 1377 1190 excipi-

281 1219 346 1276 tur.
388 1209 444 1275 Ab
458 1207 707 1290 Agamemnone
721 1209 863 1276 foederis
877 1208 1001 1294 pactab
1023 1214 1224 1293 repetuntur.

283 1397 491 1446 suetudinem:
507 1397 531 1442 et
540 1392 610 1442 discit
620 1393 714 1442 nomine
725 1395 817 1455 dueum,
828 1393 922 1444 Heleno
931 1395 1036 1444 timente.
1070 1391 1165 1444 Deinde
1184 1393 1307 1445 Menelaus
1320 1408 1377 1456 pro-

280 1463 403 1508 uoenturu
414 1458 504 1506 Paride
514 1458 546 1505 ud
553 1457 662 1520 pralium
669 1459 797 1520 singulare.
816 1458 875 1520 Qui,
885 1456 1018 1520 Menelaus,
1025 1457 1173 1508 dissuadente
1182 1459 1296 1507 incussum
1305 1457 1376 1518 ega-

283 1535 402 1572 memnone
412 1521 513 1570 usserit
521 1534 635 1584 pugnarn,
648 1527 718 1585 preto
727 1523 794 1586 prius
807 1522 868 1571 irrito
878 1522 942 1571 inter
952 1522 1032 1571 umbos
1040 1523 1145 1586 populos,
1154 1527 1177 1574 et
1187 1520 1379 1588 ronfinmtosoe-

282 1585 521 1652 derepermerifieiu,
532 1599 559 1634 eu
570 1586 631 1648 tege,
641 1591 668 1635 ut
676 1587 717 1652 qui
726 1586 802 1652 cietur
811 1587 931 1649 mutuet,
939 1587 1064 1637 manumet
1073 1587 1192 1636 Hebrum
1200 1601 1254 1636 eum
1262 1589 1315 1636 dote
1324 1601 1379 1636 mu.

283 1643 373 1701 'Verum
383 1652 519 1701 summer
534 1652 620 1726 pietus,
631 1657 655 1700 et
666 1665 773 1730 repertur
782 1650 886 1714 Moru,
895 1650 1013 1716 rumpitur
1022 1651 1053 1702 ab
1062 1665 1136 1700 suere
1145 1665 1199 1700 eum
1207 1649 1379 1714 oldergutiou'e.

283 1719 444 1780 egumenum
454 1720 554 1780 reperent
565 1729 618 1779 qroe
626 1715 948 1779 prmussemrrtsoedere.

776 1841 882 1893 NOTAE

314 1951 327 1976 ¹
342 1942 431 2004 tergeo
452 1941 545 2006 exous]
563 1939 603 1990 Ac
625 1939 720 1990 deinde
741 1953 809 1990 com·
849 1939 1007 2026 suisrictori
1019 1939 1141 1990 Menelao
1162 1954 1195 1990 ex
1213 1937 1313 1989 foedere
1332 1939 1380 1989 de·

281 2019 451 2143 9¹2}th
458 2091 540 2156 paue]
552 2092 653 2143 Helena
664 2105 721 2142 eum
733 2090 810 2141 rebus
850 2015 914 2064 bna·

546 2304 741 2356 esntoorrn
758 2307 810 2358 rv.
835 2303 1001 2356 rutenos.
1055 2291 1121 2356 424

368 2417 498 2501 Jupiter
513 2417 630 2480 intereo
645 2439 713 2480 eum
728 2415 791 2481 Dis
803 2417 992 2502 genitalibus
1003 2438 1067 2481 uno

372 2517 546 2582 Concilium
560 2519 642 2604 cogit
659 2517 825 2603 Superum,
840 2519 877 2582 de
892 2519 982 2582 rebus
996 2517 1146 2584 Aelaiuis.¹

316 2678 416 2734 Interim
429 2676 527 2738 Jupiter
539 2675 611 2723 mmet
626 2687 678 2722 eum
692 2672 750 2722 Diis
767 2686 846 2722 rerum
855 2673 1041 2735 procreatoribus
1050 2678 1160 2723 cruooeet
1171 2677 1256 2722 cutum
1269 2673 1380 2721 Deorum

275 2742 428 2806 ‘supermitte
439 2742 586 2790 Graecorum.
1311 2735 1318 2748 '

316 2907 329 2951 1
347 2902 401 2953 Alii
413 2900 553 2952 Geaiutibur
564 2934 571 2950 .
583 2934 590 2950 .
603 2934 609 2950 .
623 2934 630 2947 .
642 2899 815 2949 Achiuum-A
832 2898 965 2948 Dimidium
977 2898 1046 2961 vulg.

776 3025 882 3075 NOTAE

314 3131 328 3176 1
348 3127 409 3175 Cum
427 3125 475 3174 Dis
489 3122 644 3187 genitalibus]
659 3122 810 3172 ‘Genitales
850 3136 901 3186 que
913 3137 976 3172 sexu
986 3123 1035 3172 boc
1046 3121 1173 3172 distichoa
1190 3121 1383 3185 ‘Juno,Vesta,

280 3201 368 3255 Deos’
380 3203 502 3266 intelligit
508 3201 642 3252 Turnebus
655 3201 716 3263 dici,
726 3207 756 3250 ut
767 3215 810 3263 pe·
851 3198 1181 3264 Minervu,Cetes,Diana,
1189 3198 1289 3258 Venus,
1299 3197 1383 3257 Mers,

281 3289 380 3342 rentes,
396 3285 423 3329 et
441 3286 561 3328 auctores
583 3285 611 3327 et
631 3281 810 3340 procreatores
851 3275 1006 3339 Mercurius,
1024 3273 1102 3338 Jovi’,
1122 3273 1268 3339 Neptunus,
1283 3271 1382 3319 Vulca-

283 3369 368 3405 rerum
392 3353 513 3415 orricium,
535 3367 566 3402 eo
589 3352 658 3417 quod
677 3349 812 3412 demeritus
851 3365 909 3413 ntus,
936 3349 1049 3414 Apollo.'
1082 3348 1134 3400 Qui
1162 3343 1336 3396 ‘Consentes'
1367 3361 1383 3394 a

282 3431 410 3482 Homerus
431 3443 501 3492 saepe
520 3429 655 3492 appellen
678 3427 812 3478 Gramma·
850 3425 991 3475 Veteribus
1011 3423 1173 3487 dicebantur,
1189 3421 1258 3486 quod
1277 3421 1304 3469 iu
1320 3435 1384 3469 con·

281 3507 329 3556 tici
340 3503 416 3556 modo
427 3505 434 3533 ‘
444 3503 573 3566 astemoe:
584 3517 629 3552 seu
649 3503 699 3552 ‘ab
711 3508 810 3552 aeteruo
850 3501 908 3551 silio
927 3499 999 3553 Jovir
1027 3499 1144 3550 adhiberi
1165 3502 1327 3564 putarentur,
1351 3504 1382 3546 ut

275 3579 402 3648 -μιιὶίοε,ν
419 3579 504 3642 modo,
524 3579 671 3644 ‘perpetuo
683 3592 810 3643 genereo·
850 3577 943 3628 scribit
956 3578 991 3628 D.
1002 3575 1166 3640 Augustinus
1178 3575 1223 3625 lib.
1235 3586 1272 3622 ru.
1292 3570 1326 3620 de
1338 3573 1382 3621 Ci-

281 3657 335 3709 tes'
354 3664 496 3722 exponant.
536 3656 686 3706 'l'umebum
706 3661 810 3705 reetttus
850 3658 932 3709 vitute
953 3657 1015 3708 Dei.
1047 3655 1091 3706 Ab
1113 3655 1206 3704 borum
1230 3650 1380 3702 Genialinm

280 3732 615 3797 sumiulnterpretatioue.
648 3731 685 3780 At
696 3744 746 3779 non
763 3730 809 3780 mi·
850 3734 964 3783 Deorum
997 3744 1102 3781 numero
1130 3728 1211 3778 dueta
1239 3723 1381 3775 δωδεκάθεος

280 3823 328 3858 nus
338 3808 482 3858 verisimilis
493 3814 535 3858 est
545 3806 645 3857 Bartbii
657 3806 810 3870 conjectura
849 3823 923 3858 eoena
943 3807 1064 3871 Augusti,
1080 3802 1149 3869 apud
1170 3801 1332 3864 suetonium,
1353 3801 1382 3850 in

279 3885 441 3948 reponentis,
459 3883 605 3944 Geniutibut,
622 3888 649 3932 et
666 3881 699 3931 de
710 3881 742 3931 iis
753 3873 809 3930 Diis
848 3897 900 3949 qua
911 3883 1026 3934 Deorum
1037 3878 1205 3943 Domumque
1220 3875 1311 3925 truita
1328 3875 1382 3925 dis-

280 3961 443 4024 exponeutis,
452 3960 497 4024 qni
507 3974 565 4009 oum
573 3958 642 4010 Jove
654 3958 809 4008 accumbant
849 3959 1007 4010 eumbehant
1024 3955 1151 4018 convive,
1168 3959 1196 4004 et
1209 3952 1267 4018 lpse
1278 3950 1384 4015 Angue.

280 4050 394 4100 semper,
409 4047 437 4086 et
448 4034 563 4098 ejusdem
575 4048 671 4083 mense
682 4034 754 4083 velut
765 4047 808 4096 ge·
848 4040 889 4084 tue
900 4033 1046 4098 Apollinem
1057 4029 1191 4080 exhibens.

279 4113 322 4158 nio
342 4119 504 4161 censeantur.
538 4109 609 4162 Quos
632 4110 729 4158 Ennius
748 4123 809 4158 euu·
881 4107 1025 4160 weretune
1036 4105 1144 4168 Atticis]
1161 4102 1236 4153 Idam
1246 4101 1380 4164 Bartbius,

281 4184 808 4247 meretuomeroduodeciur,sexabutro·
849 4183 957 4235 teretes
967 4179 1090 4234 Achiuum.
1123 4181 1206 4230 Beue.
