3000 4882
289 342 354 406 804
759 353 914 404 sosonrr

291 498 386 580 Quid
408 504 452 576 te,
479 495 665 580 Imperator
685 496 846 580 Auguste,
873 497 1125 579 indulgentinsl
1171 493 1264 576 Quid
1278 507 1391 583 potest

290 621 364 666 esse
380 600 591 665 consultiust
615 598 705 677 Quae
712 599 801 664 bona
814 606 967 682 praestas,
979 597 1084 664 efficis
1098 619 1142 663 ne
1158 601 1290 667 caduca
1304 603 1388 668 siuti

291 723 367 786 quae
382 701 619 777 mulcedinis,
643 701 813 784 prospicis
829 721 871 766 ne
884 701 1018 785 possint
1031 719 1107 766 esse
1129 701 1288 768 recidiva.
1333 707 1390 769 75.

290 802 381 867 Haec
407 802 678 868 Prouincialibus
699 802 917 884 indulgentia
931 803 1031 868 bona.
1076 801 1169 880 Quid
1190 803 1250 869 illa
1270 811 1391 870 nostro

292 903 444 969 ordinit¹²
466 904 545 987 quid
559 904 617 968 illa
631 903 817 968 militibust
855 901 1102 969 Antoninorum
1117 904 1263 970 comitas
1278 905 1343 970 tuit
1356 927 1365 986 ;
1377 915 1392 944 ⁰
1492 931 1493 938 κ

292 1013 328 1070 et
337 1005 411 1089 jam
427 1006 505 1070 inde
515 1005 798 1084 Germanicorum,
810 1006 937 1071 cohorti
951 1006 1145 1084 amicorum,
1156 1013 1189 1070 et
1202 1006 1391 1088 legionibus

290 1107 466 1172 familiaris
482 1107 682 1172 hnmanitas.
726 1106 794 1171 Sed
817 1125 879 1190 ego
906 1107 986 1172 nolo
1011 1107 1275 1172 benevolentiam
1299 1115 1390 1174 tuam

292 1209 434 1273 aliorum
447 1208 625 1273 collatione
638 1207 873 1291 percellere.⁵1’
908 1205 1094 1274 Abundant
1107 1208 1142 1272 iu
1159 1217 1192 1272 te
1204 1227 1245 1274 ea
1259 1209 1392 1274 bouita-

291 1310 337 1372 tis
351 1317 387 1374 ot
400 1311 532 1375 virtutis
548 1307 714 1396 epempla,
728 1323 806 1391 quae
829 1309 928 1393 sequi
950 1308 1066 1392 cupiat
1089 1315 1231 1374 ventura
1243 1313 1392 1394 posteri-

290 1415 360 1492 tas;
382 1415 415 1476 et
429 1411 460 1475 si
474 1431 582 1474 rerum
595 1417 717 1475 natura
730 1418 914 1492 pateretur,
930 1410 1053 1476 ascribi
1068 1410 1135 1476 sibi
1149 1410 1313 1476 voluisset
1332 1432 1390 1476 au·

290 1512 437 1595 tiquitas.
481 1510 633 1576 Necesse
647 1516 699 1575 est
714 1519 823 1576 tamen
846 1510 976 1595 aliquid
1000 1511 1202 1594 comparari,
1227 1517 1266 1575 ut
1281 1515 1392 1595 possit

289 1613 443 1696 intelligi,
462 1615 554 1678 bona
567 1618 680 1678 nostra
695 1631 764 1696 quo
775 1619 946 1696 praestent
990 1613 1044 1678 76.
1068 1611 1289 1696 AEgrotautes
1301 1613 1390 1680 'amb

291 1737 352 1783 cos
364 1717 529 1803 Trajanus
541 1718 650 1782 visere
664 1717 816 1782 solebat:
835 1716 1020 1782 hactenus‘t
1040 1716 1076 1779 in
1089 1734 1131 1780 eo
1143 1716 1288 1780 comitas
1302 1736 1391 1800 prac-

290 1818 434 1885 dicauda
449 1823 513 1883 est.
556 1818 609 1882 Tu
625 1822 659 1882 et
673 1817 781 1884 visere
802 1817 936 1895 solitus,
957 1825 992 1881 et
1017 1816 1151 1897 mederi,
1175 1817 1307 1900 praebes
1327 1821 1391 1883 mi·-

290 1922 424 1998 nistros‚
438 1920 574 1984 instruis
587 1919 695 1997 cibos,
721 1919 870 1986 fomenta
883 1921 1071 2004 dispensas,
1093 1929 1239 1984 sumtum
1267 1919 1391 2004 adjicis

290 2021 509 2098 medelarum,
525 2021 712 2086 consolaris
727 2021 882 2100 affectos,
903 2022 1185 2087 revalescentibus
1200 2023 1389 2104 gratularis.

290 2124 332 2190 In
355 2131 436 2208 quot
461 2123 554 2188 vias*
575 2122 616 2186 de
639 2125 803 2208 nunejus
829 2125 1035 2190 humanitate
1058 2124 1287 2207 progrederis!
1332 2127 1388 2190 77.

292 2327 490 2384 impotentes
502 2317 774 2385 Imperatordugarstel
790 2321 892 2386 Perficis
910 2326 937 2370 st
949 2321 1059 2386 beneficio
1073 2337 1126 2385 pso
1145 2320 1236 2382 consess
1251 2337 1298 2370 non
1315 2323 1391 2372 inter·

292 2388 388 2441 sidant:
405 2387 769 2449 otcoaesnemotoqsocrrfsrs
785 2388 877 2448 possint
894 2385 981 2435 redire.
1015 2385 1053 2434 Eo
1070 2390 1126 2434 sant
1136 2386 1196 2435 bono
1207 2401 1259 2450 quse
1269 2385 1392 2436 indulsisti
1492 2381 1493 2408 ¹

291 2449 482 2512 provincialibus.
517 2450 581 2506 Quid
591 2451 667 2498 dicum
678 2451 707 2498 de
716 2451 750 2500 iis.
759 2465 812 2510 pure
822 2449 941 2500 contulisti
952 2453 1031 2498 nostro
1041 2446 1140 2500 ordini?
1157 2450 1222 2506 Quid
1241 2452 1270 2500 de
1289 2451 1321 2499 iis
1339 2464 1392 2514 qna

291 2514 412 2562 contulisti
423 2512 553 2562 militibus?
570 2513 660 2562 Eodem
667 2511 722 2572 fait
732 2515 780 2563 istu
791 2519 842 2573 tao,
857 2529 885 2562 nc
895 2515 1068 2564 Antoninorum
1077 2514 1184 2577 comitas,
1194 2519 1218 2564 et
1229 2521 1338 2564 massueto
1349 2516 1390 2577 lra-

292 2576 396 2625 monitos
405 2577 533 2638 primoum
546 2573 740 2626 Germanicorsm
755 2591 813 2638 ergo
828 2583 945 2626 cotmmn
963 2577 1100 2639 amicorum,
1116 2583 1141 2628 st
1157 2579 1268 2640 legiones.
1301 2578 1338 2628 stt
1348 2595 1392 2641 rgo

291 2641 344 2689 noto
354 2641 491 2690 imminuere
501 2645 566 2690 mom
577 2641 747 2702 benignitatem
757 2641 932 2705 comparatione
941 2642 1050 2692 othrum
1073 2643 1208 2692 canantur
1217 2645 1244 2691 in
1254 2649 1278 2693 te
1288 2644 1390 2692 ahsrtim

291 2705 334 2753 illo
352 2704 457 2768 exemplo
477 2704 589 2754 massoth
604 2710 627 2754 et
644 2705 752 2766 uirtutis,
777 2721 829 2768 psoe
841 2705 929 2766 sucro
946 2706 1073 2768 posteritas
1090 2711 1155 2769 optet
1171 2707 1280 2764 imitorir
1296 2713 1321 2756 et
1338 2724 1390 2770 quo

290 2774 396 2818 casatos
416 2773 518 2831 optosm
536 2768 583 2817 sibi
603 2768 714 2831 ottridrri,
737 2770 759 2818 si
778 2784 857 2819 rerum
877 2775 963 2818 notsro
983 2768 1080 2818 sineret.
1117 2771 1218 2833 Oportet
1238 2771 1391 2820 nibilominus
1490 2771 1491 2790 ³

291 2833 381 2896 aliquid
390 2831 493 2893 conferri
503 2837 589 2893 tecam,
603 2838 631 2882 ot
641 2833 749 2894 cognosci
766 2834 843 2896 possit
858 2848 905 2896 qao
914 2833 940 2882 is
950 2848 977 2882 rc
987 2834 1046 2882 mna
1055 2839 1135 2884 namra
1144 2836 1284 2884 antecedam
1294 2836 1390 2885 cemma.

293 2893 864 2958 Troisnsssotehotiscissrcomicosmosmorbo
873 2897 1042 2949 drmmdcntes.
1074 2898 1144 2948 lntrs
1155 2899 1196 2948 hos
1204 2899 1270 2974 fiam
1279 2901 1392 2948 consistit

291 2953 342 3010 loss
353 2961 509 3012 hommitotic
519 2963 577 3022 ejas.
611 2957 711 3011 liccam
721 2963 780 3010 soles
791 2967 816 3011 ct
833 2962 934 3012 invisere
949 2967 973 3011 et
990 2962 1086 3023 mrtem,
1101 2964 1283 3026 mininistros,
1297 2965 1392 3026 probes

290 3025 413 3086 adsumto,
438 3025 562 3075 distribuis
582 3024 700 3088 fomenta,
727 3025 797 3075 addis
817 3031 907 3075 samias
928 3026 1154 3088 medicamentorum,
1176 3026 1261 3076 soloris
1279 3029 1391 3089 grocitsr

290 3094 443 3150 «epotantes,
457 3090 590 3150 grotsloris
607 3089 823 3141 smootcscmtihas.
858 3091 922 3146 Quot
941 3091 1016 3140 modis
1033 3105 1129 3153 asperos
1143 3089 1208 3140 illias
1218 3093 1391 3142 humanitatem

788 3216 895 3270 ΝΟΜ

322 3335 335 3361 ¹¹
353 3330 442 3379 Nostro
452 3331 542 3394 ordini]
559 3329 675 3381 Senatui.
857 3339 906 3396 est,
923 3331 1039 3380 minuere
1051 3337 1078 3380 et
1090 3330 1211 3380 leviorem
1223 3330 1320 3381 facere.
1355 3331 1389 3382 In

322 3406 513 3454 unianimi-nn
523 3405 689 3470 cornitusfait]
706 3406 760 3455 Tua
769 3406 817 3456 sci·
858 3407 1051 3472 comparatione
1060 3420 1136 3470 porro
1145 3407 1292 3469 exemplum
1303 3416 1390 3470 poste·

179 3479 182 3484 '
289 3479 354 3530 licet
369 3480 396 3530 iu
416 3489 532 3532 nostrum
551 3481 668 3534 ordinem
685 3483 816 3533 etmiiites
857 3482 910 3532 rins
920 3482 1014 3547 prioris
1023 3481 1224 3544 uragaitndiucm
1233 3495 1285 3532 nou
1293 3489 1390 3547 aequat,

290 3554 407 3620 comitas,
423 3555 475 3606 tuit
494 3558 570 3620 plane
590 3557 698 3608 comitas
709 3556 816 3608 Antoni·
857 3560 905 3609 uisi
916 3560 1018 3610 dicatur
1028 3572 1173 3623 superasse.

287 3649 386 3685 norum.
424 3635 496 3685 Nota
514 3633 704 3686 Antoninorum
724 3636 767 3685 Pii
789 3642 817 3685 et
888 3635 1050 3694 suadeam,
1065 3633 1119 3698 bc]
1134 3633 1166 3684 Id
1183 3641 1236 3697 est,
1253 3635 1388 3684 uounltrs

288 3711 439 3774 Philosophi
456 3711 599 3762 humanitas
615 3716 642 3760 et
652 3711 729 3760 obvia
739 3711 817 3761 comi·
855 3711 904 3761 hoc
918 3710 1136 3775 progrediebatur
1150 3710 1257 3774 ‘trajani
1269 3711 1389 3772 comitas,

288 3791 344 3838 tas:
357 3795 419 3836 uota
429 3793 458 3836 et
468 3786 626 3850 Germanici,
637 3801 694 3838 cum
707 3801 740 3838 ex
751 3787 817 3851 aliis,
856 3803 933 3853 quam
944 3794 974 3836 ut
987 3788 1083 3836 amicos
1095 3789 1191 3838 viseret
1202 3793 1369 3851 aegrotantes.

288 3867 343 3910 tum
354 3875 387 3910 ex
398 3862 497 3911 Tacito.
887 3863 944 3911 rln
962 3867 1019 3927 qact
1036 3863 1097 3922 ains,
1111 3863 1163 3926 tra]
1189 3862 1220 3911 Id
1239 3869 1296 3912 ests
1314 3863 1388 3914 Quor

320 3937 459 3990 triticiam
475 3939 596 3988 codotionc
613 3938 751 4002 percellere}
772 3937 816 3989 Ita
855 3939 882 3988 in
892 3938 1086 3989 diversaurouia
1094 3939 1179 3988 tendit
1188 3945 1233 3988 tua
1240 3937 1387 3988 hnmanitas

288 4013 494 4074 moliminibus,
512 4029 589 4078 quam
600 4015 669 4078 quod
681 4023 739 4065 erat
752 4031 817 4078 pro·
856 4015 924 4063 ultra
939 4013 1043 4078 Trajaui
1060 4013 1263 4066 humanitatem!
1298 4015 1387 4066 Meta·-

288 4087 377 4136 cstters.
410 4089 557 4138 Sensuscst
575 4088 816 4151 plaunsexpressus
856 4091 1271 4155 phoraestaviarumconcnrsu.
1353 4133 1356 4140 .

290 4161 315 4207 in
338 4160 568 4225 interpretatione.
609 4163 750 4228 Pcrcettere,
774 4166 816 4215 hie
