3000 4882
497 373 724 431 enarrabunt
749 381 872 430 norro.
1165 367 1229 434 779

135 515 296 603 quandot
319 537 387 602 qno
401 522 549 584 nominet
587 517 677 606 Lege
691 525 924 606 syngrapham,
940 517 1074 590 nomina
1088 525 1229 590 credito·

134 639 214 684 rem.
269 619 413 702 Accepti
440 628 474 684 et
502 625 643 706 expensi
668 624 815 688 tabulae¹¹
836 623 1067 690 conferantur:
1099 626 1229 691 uidebis

134 722 204 785 alio
220 741 358 788 summae
378 723 479 786 istius
503 726 644 788 transire
668 725 858 790 rationem.⁰
899 725 979 789 Tibi
1003 727 1109 809 coepit
1132 729 1228 790 Deus

132 819 253 886 debere
267 843 329 905 pro
343 823 464 887 nobis.p
505 825 560 887 24.
584 823 674 901 Quid
689 831 799 890 autem
814 825 895 890 mibi
911 826 1025 904 debes,
1042 829 1229 914 gratissime

132 922 344 1005 Imperatori
389 925 521 988 Patitur
535 926 623 988 enim
638 925 828 989 humanitas
841 932 910 1004 tua,
925 933 963 990 ut
977 935 1098 1010 praeter
1118 929 1228 1009 regias

131 1024 288 1101 virtutes,
298 1025 433 1107 privata
448 1027 695 1109 appellatione‘¹
716 1027 872 1091 lauderis.
918 1027 1009 1105 Quid
1026 1034 1059 1093 tu
1074 1029 1154 1092 mibi
1170 1027 1227 1092 de·

132 1125 220 1188 best
264 1125 310 1189 Et
333 1133 460 1204 contra,
478 1127 560 1209 quid
584 1146 651 1190 non
678 1129 827 1208 egotibi
851 1127 982 1194 debent
1027 1126 1121 1192 Anne
1136 1127 1226 1212 quod

130 1225 260 1290 docuit
281 1228 345 1292 boe
360 1248 423 1310 ego
439 1248 576 1312 possum
590 1231 700 1292 verius
715 1233 911 1312 retorquere,
931 1228 1067 1311 dignum
1090 1249 1143 1293 me
1168 1230 1227 1294 ha-

129 1326 248 1405 bitum,
265 1331 323 1411 qui
339 1330 512 1394 docerem:
536 1336 586 1394 tot
599 1330 768 1407 facundia,
784 1330 1000 1413 doctrinaque
1015 1337 1227 1413 praestantes,

130 1428 290 1494 inclinata
297 1432 331 1494 in
340 1450 392 1494 me
406 1431 610 1513 dignatione,
625 1432 830 1514 praeteritos:
846 1438 885 1494 ut
898 1437 989 1496 esset
998 1449 1096 1514 quem
1107 1437 1143 1496 tu
1155 1452 1225 1496 ma-

129 1539 206 1595 tura
225 1531 297 1614 jam
313 1538 416 1596 aetate
440 1532 666 1596 succinctumr
688 1552 750 1614 per
774 1551 890 1595 omnes
914 1532 1076 1596 honorum
1103 1533 1226 1614 gradus

128 1632 291 1696 festinata
303 1634 453 1698 bonitate
467 1634 681 1716 proveheres:
704 1635 815 1697 timere
829 1639 868 1696 ut
881 1632 1054 1710 videreris,
1067 1653 1108 1696 ne
1122 1634 1155 1696 in
1170 1654 1224 1697 me

129 1733 203 1798 vita
217 1733 383 1812 deficeret,
399 1735 480 1799 dum
495 1735 557 1800 tibi
573 1736 680 1800 adhuc
704 1735 845 1817 aliquid,
861 1733 953 1818 quod
976 1733 1115 1798 deberes
1139 1750 1224 1816 prae·

128 1839 231 1912 stare,
255 1841 459 1918 superesset·
501 1837 556 1901 25.
580 1836 691 1919 Negat
713 1835 832 1900 Cicero
853 1833 1059 1912 Consularis,
1082 1835 1169 1899 ultra
1188 1855 1224 1900 se

127 1935 262 2026 habere,
279 1935 369 2019 quod
393 1937 517 2019 cupiat.
562 1935 633 2018 Ego
657 1941 767 1999 autem
789 1935 862 2019 jam
883 1934 1020 2012 Consul,
1047 1942 1081 2000 et
1107 1955 1223 2014 senex,
1287 1941 1290 1948 “

127 2035 240 2104 adbuc
253 2035 444 2101 aviditatem
459 2055 569 2100 meam
579 2037 652 2121 J'am
666 2037 806 2102 fatebor.
849 2037 900 2100 Te
916 2037 1030 2102 videre
1044 2038 1172 2120 saepius
1186 2041 1223 2102 in

129 2253 308 2318 themprret
323 2254 472 2312 Quotitutot
489 2257 575 2306 Recito
584 2257 765 2306 instrumentum
772 2257 856 2318 detriti,
862 2257 957 2306 nomina
965 2257 1118 2307 creditorem:
1134 2253 1222 2306 tututoe

126 2321 251 2432 geggzimet
261 2323 356 2432 exferri
367 2322 599 2436 rssmpurentuztirtrtber
607 2335 650 2434 ab
663 2336 775 2382 agnomen
783 2322 980 2442 fflmrgmdietiur
989 2321 1223 2435 zuznmoewtummselum

126 2461 182 2509 repr
190 2399 336 2523 marim
332 2400 443 2523 1..Ναῖ
438 2401 572 2512 difflata}
580 2401 621 2498 iun
630 2400 898 2512 medidriddm'nridr'
905 2397 1223 2500 tuddurdotzeffltine’toddrbdc

125 2513 255 2572 producturi
265 2513 398 2562 laudaturae
407 2514 510 2576 priuata.
544 2514 609 2569 Quid
618 2518 645 2561 tu
658 2513 727 2563 deber
737 2512 813 2564 mitri?
832 2515 922 2564 Contra
933 2528 988 2563 aare
1000 2515 1056 2577 quid
1063 2530 1106 2576 ego
1119 2513 1165 2562 tibi
1176 2527 1222 2561 non

126 2572 215 2624 deuo?
237 2576 278 2626 An
288 2576 355 2625 deber
365 2578 422 2626 mibi
432 2578 523 2640 aliquid
533 2579 588 2640 quia
598 2579 691 2627 erudivi
701 2577 740 2629 nt
767 2580 819 2639 Ego
829 2594 920 2640 possum
931 2580 974 2628 tuor
981 2579 1058 2626 uerius
1067 2578 1186 2642 reflectere
1196 2577 1222 2624 in

127 2653 165 2688 me
173 2640 259 2704 ipmm,
270 2641 329 2703 quod
340 2641 489 2690 existimatus
494 2642 585 2702 sutrim
595 2642 692 2691 monem
701 2641 741 2705 qui
752 2648 775 2691 te
786 2643 951 2692 instituerem:
974 2645 1033 2705 quod
1044 2647 1080 2690 tot
1090 2643 1137 2690 uiri
1147 2643 1222 2689 recet-

126 2703 200 2752 lentes
211 2705 339 2767 eloquentia
356 2711 380 2754 et
390 2704 488 2754 mentia
502 2705 762 2768 proetemnu'rrisuerint
776 2707 860 2754 tunore
874 2706 917 2753 boc
933 2707 959 2753 in
975 2720 1012 2754 me
1022 2707 1113 2760 colluto,
1123 2709 1151 2752 ut
1161 2710 1221 2752 eum

126 2767 224 2830 aliquis,
242 2785 316 2832 quem,
327 2785 376 2818 oeuo
389 2770 443 2829 jum
461 2775 568 2832 prouertu
585 2775 696 2832 paratum
706 2772 737 2818 ad
752 2775 859 2830 mortem,
872 2774 899 2817 tu
910 2769 1034 2818 eutalium
1048 2783 1091 2830 per
1100 2769 1220 2816 uniamur

124 2834 216 2893 gradus
232 2834 412 2894 magistratuum
429 2834 575 2894 benignitate
591 2835 734 2882 merbrum:
751 2835 808 2881 adeo
829 2838 857 2881 ut
874 2833 987 2881 videreris
998 2837 1109 2892 metuere,
1125 2846 1154 2879 ne
1170 2832 1220 2880 vita

124 2910 163 2944 me
172 2897 295 2959 desereret,
305 2897 415 2958 quamdiu
425 2897 470 2945 tibi
481 2902 581 2946 renutet
592 2899 667 2946 uttrue
678 2898 766 2958 aliquid
777 2898 836 2946 mibi
846 2897 1005 2945 tribuendum.
1023 2894 1220 2954 Giarrafunctur

128 2961 266 3024 Consulatu,
280 2962 316 3010 uit
331 2977 356 3010 re
374 2961 434 3009 nituit
451 2961 534 3009 babere
549 2962 648 3022 amptius
664 2963 724 3024 quod
735 2966 836 3022 exoptet.
869 2962 923 3020 Ego
934 2974 987 3009 uero
998 2974 1050 3007 eum
1061 2959 1148 3007 Consul
1157 2973 1219 3018 sum,

125 3028 150 3072 et
163 3031 274 3086 moverta
289 3031 368 3088 atate,
384 3025 510 3091 confitetor
520 3026 597 3074 adnue
607 3025 852 3088 meameupiditatem.
884 3025 949 3074 Auro
959 3037 1050 3075 curnem
1061 3029 1084 3074 te
1095 3023 1180 3086 sapius
1190 3023 1217 3072 in

618 3217 723 3268 NOTAE

156 3369 168 3394 ¹¹
185 3361 284 3424 decepti
294 3366 318 3411 et
329 3361 425 3425 expensi
433 3358 531 3422 tabula]
561 3358 650 3410 Retio·
690 3360 745 3410 brec
766 3360 834 3409 eninr
854 3357 963 3422 privetis
982 3357 1072 3406 melius
1089 3357 1218 3416 convenit,

123 3452 185 3486 num
196 3437 254 3486 libri
265 3437 291 3485 iu
300 3437 392 3500 quibua
401 3437 524 3499 seriptum
533 3435 649 3506 est,quid
690 3450 806 3500 qnorum,
817 3442 847 3484 ut
857 3448 936 3497 supra
947 3433 1021 3490 dixit,
1033 3433 1083 3483 ista
1093 3433 1167 3497 copia
1177 3437 1219 3481 est

122 3522 269 3576 acceptum,
280 3520 308 3564 et
319 3513 378 3577 qnid
391 3527 540 3577 expensum.
690 3526 748 3560 esse
759 3511 826 3560 inter
837 3525 865 3559 se
876 3507 1017 3573 munificos,
1035 3524 1112 3573 quam
1123 3507 1217 3571 princi·

155 3597 168 3622 ⁰
187 3590 283 3640 Videtis
299 3588 346 3638 atio
362 3605 457 3640 summa
471 3587 651 3638 irtiurtramr're
691 3586 776 3651 pibus,
792 3585 837 3650 qni
855 3585 982 3634 beneficia
992 3584 1110 3634 conferre
1122 3583 1217 3633 ceteris

121 3664 249 3727 rationem]
273 3664 305 3714 ld
316 3671 364 3726 ert,
376 3679 426 3714 non
438 3671 465 3713 te
476 3663 536 3712 mihi
550 3663 651 3713 debito·
690 3662 784 3724 soleut‚
808 3675 859 3710 non
881 3661 914 3710 ab
936 3661 986 3710 iliis
1007 3660 1134 3723 accipere,
1159 3674 1216 3723 qua

121 3753 189 3800 rem,
205 3739 251 3788 sed
269 3754 309 3788 me
329 3739 377 3789 tibi
394 3753 427 3788 ex
443 3738 494 3786 iltis
509 3737 651 3787 rationibus
690 3745 791 3800 gratum
802 3737 912 3785 animum
923 3750 939 3785 u
949 3749 977 3783 ne
990 3743 1135 3798 reposcant.

122 3827 267 3864 remanere.
722 3811 899 3872 *Maurajum
908 3814 979 3859 utute
988 3809 1142 3872 namnetum]
1155 3809 1214 3860 Jam

154 3895 168 3929 Ρ
187 3887 318 3952 tineent
329 3888 397 3938 nem
414 3888 495 3938 debere
513 3905 556 3952 pro
571 3888 650 3952 notit]
691 3905 788 3952 renem,
809 3891 881 3942 etin
900 3889 1035 3953 procinctu
1054 3889 1086 3937 ad
1106 3886 1216 3936 morien-

121 3964 183 4015 Hoe
194 3969 242 4026 ert,
259 3971 299 4014 tot
311 3971 433 4028 tantumn:
446 3964 495 4014 tibi
512 3965 604 4027 debeo,
621 3970 651 4014 ut
689 3966 759 4016 dum.
791 3965 869 4014 Hane
885 3977 941 4013 esee
959 3963 1035 4027 hujus
1049 3961 1098 4012 loci
1110 3967 1214 4011 :enten-

121 4041 312 4103 eapermlvere
330 4041 376 4091 tibi
395 4055 442 4104 pro
461 4055 502 4090 me
516 4042 649 4104 jamsoiuu
689 4040 751 4093 tiam
767 4039 861 4102 colligo
877 4053 910 4088 ex
926 4038 965 4088 hir
982 4052 1039 4100 qnae
1058 4043 1215 4103 sequentum

123 4119 195 4166 Deru
207 4116 295 4179 posuit.
689 4117 797 4166 ‘timere
809 4121 838 4166 ut
848 4112 988 4176 videreris,‘
999 4115 1047 4165 &a

154 4201 166 4236 ¹¹
184 4193 285 4244 Privata
302 4193 467 4258 appeliatione]
484 4193 648 4255 Gratissirui3
