<?xml version="1.0" encoding="UTF-8"?>
<!DOCTYPE html PUBLIC "-//W3C//DTD XHTML 1.0 Transitional//EN"
    "http://www.w3.org/TR/xhtml1/DTD/xhtml1-transitional.dtd">
<html xmlns="http://www.w3.org/1999/xhtml" xml:lang="en" lang="en">
 <head>
  <title>
</title>
<meta http-equiv="Content-Type" content="text/html;charset=utf-8" />
  <meta name='ocr-system' content='tesseract 3.04.00' />
  <meta name='ocr-capabilities' content='ocr_page ocr_carea ocr_par ocr_line ocrx_word'/>
</head>
<body>
  <div class='ocr_page' id='page_1' title='image "./dmagniausoniibu02ausogoog_0037.png"; bbox 0 0 2998 4884; ppageno 0'>
   <div class='ocr_carea' id='block_1_1' title="bbox 279 357 900 426">
    <p class='ocr_par' dir='ltr' id='par_1_1' title="bbox 279 357 900 426">
     <span class='ocr_line' id='line_1_1' title="bbox 279 357 900 426; baseline -0.013 0"><span class='ocrx_word' id='word_1_1' title='bbox 279 357 344 426; x_wconf 80' lang='lat'><strong>480</strong></span> <span class='ocrx_word' id='word_1_2' title='bbox 749 369 900 422; x_wconf 81' lang='lat' dir='ltr'><strong>rosonrr</strong></span> 
     </span>
    </p>
   </div>
   <div class='ocr_carea' id='block_1_2' title="bbox 275 513 1376 2412">
    <p class='ocr_par' dir='ltr' id='par_1_2' title="bbox 278 513 1018 598">
     <span class='ocr_line' id='line_1_2' title="bbox 278 513 1018 598; baseline -0.011 -14"><span class='ocrx_word' id='word_1_3' title='bbox 278 517 430 584; x_wconf 84' lang='lat' dir='ltr'><strong>Nodosis</strong></span> <span class='ocrx_word' id='word_1_4' title='bbox 446 517 587 598; x_wconf 87' lang='lat' dir='ltr'><strong>decepta</strong></span> <span class='ocrx_word' id='word_1_5' title='bbox 601 513 711 596; x_wconf 79' lang='lat' dir='ltr'><strong>plagis</strong></span> <span class='ocrx_word' id='word_1_6' title='bbox 726 513 885 578; x_wconf 80' lang='lat' dir='ltr'><strong>examina</strong></span> <span class='ocrx_word' id='word_1_7' title='bbox 901 515 1018 591; x_wconf 81' lang='lat' dir='ltr'><strong>verrit3</strong></span> 
     </span>
    </p>

    <p class='ocr_par' dir='ltr' id='par_1_3' title="bbox 275 613 1373 798">
     <span class='ocr_line' id='line_1_3' title="bbox 275 613 1373 698; baseline -0.006 -15"><span class='ocrx_word' id='word_1_8' title='bbox 275 618 344 683; x_wconf 88' lang='lat' dir='ltr'><strong>Ast</strong></span> <span class='ocrx_word' id='word_1_9' title='bbox 357 618 411 681; x_wconf 92' lang='lat' dir='ltr'><strong>hic</strong></span> <span class='ocrx_word' id='word_1_10' title='bbox 425 617 606 698; x_wconf 90' lang='lat' dir='ltr'><strong>tranquillo</strong></span> <span class='ocrx_word' id='word_1_11' title='bbox 622 635 691 698; x_wconf 90' lang='lat' dir='ltr'><strong>qua</strong></span> <span class='ocrx_word' id='word_1_12' title='bbox 704 615 828 680; x_wconf 87' lang='lat' dir='ltr'><strong>labitur</strong></span> <span class='ocrx_word' id='word_1_13' title='bbox 843 615 974 696; x_wconf 79' lang='lat' dir='ltr'><strong>agmine</strong></span> <span class='ocrx_word' id='word_1_14' title='bbox 988 615 1121 690; x_wconf 86' lang='lat' dir='ltr'><strong>flumen,</strong></span> <span class='ocrx_word' id='word_1_15' title='bbox 1305 613 1373 676; x_wconf 76' lang='lat'><strong>245</strong></span> 
     </span>
     <span class='ocr_line' id='line_1_4' title="bbox 278 715 961 798; baseline -0.009 -14"><span class='ocrx_word' id='word_1_16' title='bbox 278 718 382 784; x_wconf 86' lang='lat' dir='ltr'><strong>Ducit</strong></span> <span class='ocrx_word' id='word_1_17' title='bbox 396 718 550 782; x_wconf 85' lang='lat' dir='ltr'><strong>corticeis</strong></span> <span class='ocrx_word' id='word_1_18' title='bbox 564 717 732 784; x_wconf 87' lang='lat' dir='ltr'><strong>fluitantia</strong></span> <span class='ocrx_word' id='word_1_19' title='bbox 746 716 831 782; x_wconf 90' lang='lat' dir='ltr'><strong>retia</strong></span> <span class='ocrx_word' id='word_1_20' title='bbox 846 715 961 798; x_wconf 83' lang='lat' dir='ltr'><strong>signis.</strong></span> 
     </span>
    </p>

    <p class='ocr_par' dir='ltr' id='par_1_4' title="bbox 278 812 1148 902">
     <span class='ocr_line' id='line_1_5' title="bbox 278 812 1148 902; baseline -0.008 -18"><span class='ocrx_word' id='word_1_21' title='bbox 278 820 342 886; x_wconf 88' lang='lat' dir='ltr'><strong>Ille</strong></span> <span class='ocrx_word' id='word_1_22' title='bbox 358 826 469 884; x_wconf 88' lang='lat' dir='ltr'><strong>autem</strong></span> <span class='ocrx_word' id='word_1_23' title='bbox 484 819 633 902; x_wconf 89' lang='lat' dir='ltr'><strong>scopulis</strong></span> <span class='ocrx_word' id='word_1_24' title='bbox 648 817 821 901; x_wconf 86' lang='lat' dir='ltr'><strong>subjectas</strong></span> <span class='ocrx_word' id='word_1_25' title='bbox 836 834 962 898; x_wconf 88' lang='lat' dir='ltr'><strong>pronus</strong></span> <span class='ocrx_word' id='word_1_26' title='bbox 977 815 1013 880; x_wconf 91' lang='lat' dir='ltr'><strong>in</strong></span> <span class='ocrx_word' id='word_1_27' title='bbox 1027 812 1148 890; x_wconf 86' lang='lat' dir='ltr'><strong>undas,</strong></span> 
     </span>
    </p>

    <p class='ocr_par' dir='ltr' id='par_1_5' title="bbox 277 917 1028 998">
     <span class='ocr_line' id='line_1_6' title="bbox 277 917 1028 998; baseline -0.007 -12"><span class='ocrx_word' id='word_1_28' title='bbox 277 921 423 986; x_wconf 87' lang='lat' dir='ltr'><strong>Inclinat</strong></span> <span class='ocrx_word' id='word_1_29' title='bbox 436 922 536 988; x_wconf 83' lang='lat' dir='ltr'><strong>lentae</strong></span> <span class='ocrx_word' id='word_1_30' title='bbox 551 939 707 986; x_wconf 87' lang='lat' dir='ltr'><strong>convexa</strong></span> <span class='ocrx_word' id='word_1_31' title='bbox 720 919 897 984; x_wconf 86' lang='lat' dir='ltr'><strong>eacumina</strong></span> <span class='ocrx_word' id='word_1_32' title='bbox 912 917 1028 998; x_wconf 83' lang='lat' dir='ltr'><strong>virgas,</strong></span> 
     </span>
    </p>

    <p class='ocr_par' dir='ltr' id='par_1_6' title="bbox 278 1017 977 1105">
     <span class='ocr_line' id='line_1_7' title="bbox 278 1017 977 1105; baseline -0.01 -17"><span class='ocrx_word' id='word_1_33' title='bbox 278 1022 420 1088; x_wconf 88' lang='lat' dir='ltr'><strong>Indutos</strong></span> <span class='ocrx_word' id='word_1_34' title='bbox 434 1022 522 1086; x_wconf 88' lang='lat' dir='ltr'><strong>escis</strong></span> <span class='ocrx_word' id='word_1_35' title='bbox 533 1020 664 1105; x_wconf 89' lang='lat' dir='ltr'><strong>jaciens</strong></span> <span class='ocrx_word' id='word_1_36' title='bbox 678 1017 837 1086; x_wconf 87' lang='lat' dir='ltr'><strong>letalibus</strong></span> <span class='ocrx_word' id='word_1_37' title='bbox 850 1021 977 1084; x_wconf 89' lang='lat' dir='ltr'><strong>hamos.</strong></span> 
     </span>
    </p>

    <p class='ocr_par' dir='ltr' id='par_1_7' title="bbox 276 1121 1374 1306">
     <span class='ocr_line' id='line_1_8' title="bbox 278 1121 1374 1206; baseline -0.004 -18"><span class='ocrx_word' id='word_1_38' title='bbox 278 1121 377 1201; x_wconf 80' lang='lat' dir='ltr'><strong>Quos</strong></span> <span class='ocrx_word' id='word_1_39' title='bbox 390 1125 503 1205; x_wconf 80' lang='lat' dir='ltr'><strong>ignara</strong></span> <span class='ocrx_word' id='word_1_40' title='bbox 517 1124 589 1190; x_wconf 87' lang='lat' dir='ltr'><strong>doli</strong></span> <span class='ocrx_word' id='word_1_41' title='bbox 602 1129 781 1206; x_wconf 84' lang='lat' dir='ltr'><strong>postquam</strong></span> <span class='ocrx_word' id='word_1_42' title='bbox 795 1123 991 1203; x_wconf 80' lang='lat' dir='ltr'><strong>vagaturba</strong></span> <span class='ocrx_word' id='word_1_43' title='bbox 1006 1123 1177 1184; x_wconf 81' lang='lat' dir='ltr'><strong>natantum</strong></span> <span class='ocrx_word' id='word_1_44' title='bbox 1306 1121 1374 1184; x_wconf 71' lang='lat'><strong>260</strong></span> 
     </span>
     <span class='ocr_line' id='line_1_9' title="bbox 276 1220 1124 1306; baseline -0.009 -16"><span class='ocrx_word' id='word_1_45' title='bbox 276 1223 435 1290; x_wconf 85' lang='lat' dir='ltr'><strong>Rictibus</strong></span> <span class='ocrx_word' id='word_1_46' title='bbox 449 1225 583 1302; x_wconf 84' lang='lat' dir='ltr'><strong>invasit,</strong></span> <span class='ocrx_word' id='word_1_47' title='bbox 598 1224 790 1306; x_wconf 86' lang='lat' dir='ltr'><strong>patulaeque</strong></span> <span class='ocrx_word' id='word_1_48' title='bbox 803 1241 863 1305; x_wconf 89' lang='lat' dir='ltr'><strong>per</strong></span> <span class='ocrx_word' id='word_1_49' title='bbox 877 1221 996 1286; x_wconf 90' lang='lat' dir='ltr'><strong>intima</strong></span> <span class='ocrx_word' id='word_1_50' title='bbox 1010 1220 1124 1284; x_wconf 79' lang='lat' dir='ltr'><strong>fauces</strong></span> 
     </span>
    </p>

    <p class='ocr_par' dir='ltr' id='par_1_8' title="bbox 276 1322 991 1398">
     <span class='ocr_line' id='line_1_10' title="bbox 276 1322 991 1398; baseline -0.007 -7"><span class='ocrx_word' id='word_1_51' title='bbox 276 1326 361 1391; x_wconf 88' lang='lat' dir='ltr'><strong>Sera</strong></span> <span class='ocrx_word' id='word_1_52' title='bbox 375 1327 536 1390; x_wconf 87' lang='lat' dir='ltr'><strong>occultati</strong></span> <span class='ocrx_word' id='word_1_53' title='bbox 551 1329 726 1390; x_wconf 85' lang='lat' dir='ltr'><strong>senserunt</strong></span> <span class='ocrx_word' id='word_1_54' title='bbox 740 1323 879 1388; x_wconf 87' lang='lat' dir='ltr'><strong>vulnera</strong></span> <span class='ocrx_word' id='word_1_55' title='bbox 888 1322 991 1398; x_wconf 84' lang='lat' dir='ltr'><strong>¹ferri:</strong></span> 
     </span>
    </p>

    <p class='ocr_par' dir='ltr' id='par_1_9' title="bbox 277 1420 1215 1592">
     <span class='ocr_line' id='line_1_11' title="bbox 277 1420 1215 1508; baseline -0.009 -16"><span class='ocrx_word' id='word_1_56' title='bbox 277 1428 370 1492; x_wconf 90' lang='lat' dir='ltr'><strong>Dum</strong></span> <span class='ocrx_word' id='word_1_57' title='bbox 384 1426 564 1508; x_wconf 87' lang='lat' dir='ltr'><strong>trepidant,</strong></span> <span class='ocrx_word' id='word_1_58' title='bbox 580 1424 669 1489; x_wconf 87' lang='lat' dir='ltr'><strong>subit</strong></span> <span class='ocrx_word' id='word_1_59' title='bbox 683 1423 862 1503; x_wconf 68' lang='lat' dir='ltr'><strong>indicium</strong></span> <span class='ocrx_word' id='word_1_60' title='bbox 884 1423 1063 1506; x_wconf 82' lang='lat' dir='ltr'><strong>crispoque</strong></span> <span class='ocrx_word' id='word_1_61' title='bbox 1078 1420 1215 1486; x_wconf 84' lang='lat' dir='ltr'><strong>tremori</strong></span> 
     </span>
     <span class='ocr_line' id='line_1_12' title="bbox 277 1523 1022 1592; baseline -0.009 1"><span class='ocrx_word' id='word_1_62' title='bbox 277 1523 453 1592; x_wconf 88' lang='lat' dir='ltr'><strong>Vibrantis</strong></span> <span class='ocrx_word' id='word_1_63' title='bbox 468 1531 551 1590; x_wconf 86' lang='lat' dir='ltr'><strong>setae</strong></span> <span class='ocrx_word' id='word_1_64' title='bbox 566 1533 687 1590; x_wconf 88' lang='lat' dir='ltr'><strong>nutans</strong></span> <span class='ocrx_word' id='word_1_65' title='bbox 702 1524 869 1590; x_wconf 81' lang='lat' dir='ltr'><strong>consentit</strong></span> <span class='ocrx_word' id='word_1_66' title='bbox 883 1523 1022 1588; x_wconf 87' lang='lat' dir='ltr'><strong>arundo.</strong></span> 
     </span>
    </p>

    <p class='ocr_par' dir='ltr' id='par_1_10' title="bbox 277 1623 1374 1809">
     <span class='ocr_line' id='line_1_13' title="bbox 277 1623 1374 1706; baseline -0.001 -15"><span class='ocrx_word' id='word_1_67' title='bbox 277 1627 356 1691; x_wconf 89' lang='lat' dir='ltr'><strong>Nec</strong></span> <span class='ocrx_word' id='word_1_68' title='bbox 369 1646 478 1690; x_wconf 90' lang='lat' dir='ltr'><strong>mora:</strong></span> <span class='ocrx_word' id='word_1_69' title='bbox 502 1632 536 1690; x_wconf 92' lang='lat' dir='ltr'><strong>et</strong></span> <span class='ocrx_word' id='word_1_70' title='bbox 547 1644 726 1690; x_wconf 85' lang='lat' dir='ltr'><strong>excussam</strong></span> <span class='ocrx_word' id='word_1_71' title='bbox 740 1623 894 1689; x_wconf 87' lang='lat' dir='ltr'><strong>stridenti</strong></span> <span class='ocrx_word' id='word_1_72' title='bbox 909 1626 1043 1690; x_wconf 85' lang='lat' dir='ltr'><strong>verbere</strong></span> <span class='ocrx_word' id='word_1_73' title='bbox 1059 1623 1211 1706; x_wconf 87' lang='lat' dir='ltr'><strong>praedam</strong></span> <span class='ocrx_word' id='word_1_74' title='bbox 1307 1623 1374 1690; x_wconf 76' lang='lat'><strong>255</strong></span> 
     </span>
     <span class='ocr_line' id='line_1_14' title="bbox 277 1725 1174 1809; baseline -0.003 -18"><span class='ocrx_word' id='word_1_75' title='bbox 277 1725 427 1791; x_wconf 83' lang='lat' dir='ltr'><strong>Dextera</strong></span> <span class='ocrx_word' id='word_1_76' title='bbox 438 1729 472 1790; x_wconf 93' lang='lat' dir='ltr'><strong>in</strong></span> <span class='ocrx_word' id='word_1_77' title='bbox 485 1727 659 1809; x_wconf 92' lang='lat' dir='ltr'><strong>obliquum</strong></span> <span class='ocrx_word' id='word_1_78' title='bbox 673 1733 788 1809; x_wconf 89' lang='lat' dir='ltr'><strong>raptat</strong></span> <span class='ocrx_word' id='word_1_79' title='bbox 801 1745 905 1809; x_wconf 88' lang='lat' dir='ltr'><strong>puer:</strong></span> <span class='ocrx_word' id='word_1_80' title='bbox 929 1726 1059 1808; x_wconf 81' lang='lat' dir='ltr'><strong>excipit</strong></span> <span class='ocrx_word' id='word_1_81' title='bbox 1071 1727 1174 1789; x_wconf 89' lang='lat' dir='ltr'><strong>icturn</strong></span> 
     </span>
    </p>

    <p class='ocr_par' dir='ltr' id='par_1_11' title="bbox 277 1825 1142 1910">
     <span class='ocr_line' id='line_1_15' title="bbox 277 1825 1142 1910; baseline -0.002 -19"><span class='ocrx_word' id='word_1_82' title='bbox 277 1828 434 1910; x_wconf 86' lang='lat' dir='ltr'><strong>Spiritus,</strong></span> <span class='ocrx_word' id='word_1_83' title='bbox 447 1833 485 1891; x_wconf 91' lang='lat' dir='ltr'><strong>ut</strong></span> <span class='ocrx_word' id='word_1_84' title='bbox 499 1828 615 1893; x_wconf 85' lang='lat' dir='ltr'><strong>fractis</strong></span> <span class='ocrx_word' id='word_1_85' title='bbox 630 1825 798 1908; x_wconf 88' lang='lat' dir='ltr'><strong>quondam</strong></span> <span class='ocrx_word' id='word_1_86' title='bbox 810 1827 983 1908; x_wconf 88' lang='lat' dir='ltr'><strong>perinane</strong></span> <span class='ocrx_word' id='word_1_87' title='bbox 998 1825 1142 1908; x_wconf 83' lang='lat' dir='ltr'><strong>flagellis</strong></span> 
     </span>
    </p>

    <p class='ocr_par' dir='ltr' id='par_1_12' title="bbox 276 1923 1088 2011">
     <span class='ocr_line' id='line_1_16' title="bbox 276 1923 1088 2011; baseline 0 -20"><span class='ocrx_word' id='word_1_88' title='bbox 276 1923 369 1992; x_wconf 85' lang='lat' dir='ltr'><strong>Aura</strong></span> <span class='ocrx_word' id='word_1_89' title='bbox 384 1935 507 2011; x_wconf 87' lang='lat' dir='ltr'><strong>crepat,</strong></span> <span class='ocrx_word' id='word_1_90' title='bbox 521 1935 679 2010; x_wconf 86' lang='lat' dir='ltr'><strong>motoque</strong></span> <span class='ocrx_word' id='word_1_91' title='bbox 694 1926 848 1990; x_wconf 85' lang='lat' dir='ltr'><strong>assibilat</strong></span> <span class='ocrx_word' id='word_1_92' title='bbox 863 1926 942 1992; x_wconf 79' lang='lat' dir='ltr'><strong>a&#39;ere</strong></span> <span class='ocrx_word' id='word_1_93' title='bbox 957 1932 1088 1992; x_wconf 77' lang='lat' dir='ltr'><strong>ventus,</strong></span> 
     </span>
    </p>

    <p class='ocr_par' dir='ltr' id='par_1_13' title="bbox 278 2026 1001 2111">
     <span class='ocr_line' id='line_1_17' title="bbox 278 2026 1001 2111; baseline 0 -19"><span class='ocrx_word' id='word_1_94' title='bbox 278 2029 437 2092; x_wconf 83' lang='lat' dir='ltr'><strong>Exultant</strong></span> <span class='ocrx_word' id='word_1_95' title='bbox 450 2029 525 2091; x_wconf 87' lang='lat' dir='ltr'><strong>udae</strong></span> <span class='ocrx_word' id='word_1_96' title='bbox 542 2047 642 2111; x_wconf 90' lang='lat' dir='ltr'><strong>super</strong></span> <span class='ocrx_word' id='word_1_97' title='bbox 655 2026 749 2091; x_wconf 88' lang='lat' dir='ltr'><strong>arida</strong></span> <span class='ocrx_word' id='word_1_98' title='bbox 762 2045 848 2091; x_wconf 88' lang='lat' dir='ltr'><strong>saxa</strong></span> <span class='ocrx_word' id='word_1_99' title='bbox 861 2029 1001 2111; x_wconf 87' lang='lat' dir='ltr'><strong>rapinae,</strong></span> 
     </span>
    </p>

    <p class='ocr_par' dir='ltr' id='par_1_14' title="bbox 278 2127 1376 2311">
     <span class='ocr_line' id='line_1_18' title="bbox 278 2127 1376 2210; baseline -0.003 -16"><span class='ocrx_word' id='word_1_100' title='bbox 278 2127 494 2210; x_wconf 83' lang='lat' dir='ltr'><strong>Luciferique</strong></span> <span class='ocrx_word' id='word_1_101' title='bbox 510 2133 634 2210; x_wconf 88' lang='lat' dir='ltr'><strong>pavent</strong></span> <span class='ocrx_word' id='word_1_102' title='bbox 647 2127 761 2192; x_wconf 79' lang='lat' dir='ltr'><strong>letalia</strong></span> <span class='ocrx_word' id='word_1_103' title='bbox 775 2127 842 2194; x_wconf 84' lang='lat' dir='ltr'><strong>tela</strong></span> <span class='ocrx_word' id='word_1_104' title='bbox 856 2129 936 2194; x_wconf 90' lang='lat' dir='ltr'><strong>diei.</strong></span> <span class='ocrx_word' id='word_1_105' title='bbox 1308 2127 1376 2192; x_wconf 78' lang='lat'><strong>260</strong></span> 
     </span>
     <span class='ocr_line' id='line_1_19' title="bbox 278 2227 1156 2311; baseline 0.006 -21"><span class='ocrx_word' id='word_1_106' title='bbox 278 2227 412 2311; x_wconf 84' lang='lat' dir='ltr'><strong>Quique</strong></span> <span class='ocrx_word' id='word_1_107' title='bbox 427 2229 489 2290; x_wconf 89' lang='lat' dir='ltr'><strong>sub</strong></span> <span class='ocrx_word' id='word_1_108' title='bbox 505 2248 601 2291; x_wconf 87' lang='lat' dir='ltr'><strong>amne</strong></span> <span class='ocrx_word' id='word_1_109' title='bbox 614 2248 677 2291; x_wconf 90' lang='lat' dir='ltr'><strong>suo</strong></span> <span class='ocrx_word' id='word_1_110' title='bbox 693 2229 817 2291; x_wconf 89' lang='lat' dir='ltr'><strong>mansit</strong></span> <span class='ocrx_word' id='word_1_111' title='bbox 830 2231 935 2310; x_wconf 84' lang='lat' dir='ltr'><strong>vigor,</strong></span> <span class='ocrx_word' id='word_1_112' title='bbox 953 2229 1031 2294; x_wconf 83' lang='lat' dir='ltr'><strong>aiire</strong></span> <span class='ocrx_word' id='word_1_113' title='bbox 1044 2237 1156 2295; x_wconf 89' lang='lat' dir='ltr'><strong>nostro</strong></span> 
     </span>
    </p>

    <p class='ocr_par' dir='ltr' id='par_1_15' title="bbox 279 2327 1059 2412">
     <span class='ocr_line' id='line_1_20' title="bbox 279 2327 1059 2412; baseline 0 -18"><span class='ocrx_word' id='word_1_114' title='bbox 279 2330 397 2412; x_wconf 74' lang='lat' dir='ltr'><strong>Segnis</strong></span> <span class='ocrx_word' id='word_1_115' title='bbox 410 2327 594 2394; x_wconf 87' lang='lat' dir='ltr'><strong>anhelantis</strong></span> <span class='ocrx_word' id='word_1_116' title='bbox 609 2330 710 2394; x_wconf 84' lang='lat' dir='ltr'><strong>vitam</strong></span> <span class='ocrx_word' id='word_1_117' title='bbox 725 2330 893 2396; x_wconf 85' lang='lat' dir='ltr'><strong>consumit</strong></span> <span class='ocrx_word' id='word_1_118' title='bbox 907 2331 940 2394; x_wconf 95' lang='lat' dir='ltr'><strong>in</strong></span> <span class='ocrx_word' id='word_1_119' title='bbox 956 2332 1059 2395; x_wconf 82' lang='lat' dir='ltr'><strong>auris,</strong></span> 
     </span>
    </p>
   </div>
   <div class='ocr_carea' id='block_1_3' title="bbox 273 2543 1379 3314">
    <p class='ocr_par' dir='ltr' id='par_1_16' title="bbox 273 2543 1379 3314">
     <span class='ocr_line' id='line_1_21' title="bbox 277 2543 1377 2610; baseline 0.001 -17"><span class='ocrx_word' id='word_1_120' title='bbox 277 2543 343 2593; x_wconf 74' lang='lat' dir='ltr'><strong>tiber</strong></span> <span class='ocrx_word' id='word_1_121' title='bbox 360 2545 472 2602; x_wconf 62' lang='lat' dir='ltr'><strong>aedua,-</strong></span> <span class='ocrx_word' id='word_1_122' title='bbox 487 2543 526 2592; x_wconf 81' lang='lat' dir='ltr'><strong>tic</strong></span> <span class='ocrx_word' id='word_1_123' title='bbox 545 2548 624 2592; x_wconf 72' lang='lat' dir='ltr'><strong>autem</strong></span> <span class='ocrx_word' id='word_1_124' title='bbox 642 2543 749 2593; x_wconf 60' lang='lat' dir='ltr'><strong>extesdt</strong></span> <span class='ocrx_word' id='word_1_125' title='bbox 765 2559 865 2605; x_wconf 63' lang='lat' dir='ltr'><strong>mesae</strong></span> <span class='ocrx_word' id='word_1_126' title='bbox 883 2549 991 2596; x_wconf 77' lang='lat' dir='ltr'><strong>sotertes</strong></span> <span class='ocrx_word' id='word_1_127' title='bbox 1008 2559 1107 2610; x_wconf 75' lang='lat' dir='ltr'><strong>superae</strong></span> <span class='ocrx_word' id='word_1_128' title='bbox 1123 2561 1166 2609; x_wconf 79' lang='lat' dir='ltr'><strong>ops</strong></span> <span class='ocrx_word' id='word_1_129' title='bbox 1184 2553 1324 2596; x_wconf 75' lang='lat' dir='ltr'><strong>tesserarum</strong></span> <span class='ocrx_word' id='word_1_130' title='bbox 1343 2562 1377 2595; x_wconf 77' lang='lat' dir='ltr'><strong>ea·</strong></span> 
     </span>
     <span class='ocr_line' id='line_1_22' title="bbox 278 2607 1376 2687; baseline 0.001 -30"><span class='ocrx_word' id='word_1_131' title='bbox 278 2609 367 2683; x_wconf 56' lang='lat' dir='ltr'><strong>sedere:</strong></span> <span class='ocrx_word' id='word_1_132' title='bbox 400 2609 447 2656; x_wconf 81' lang='lat' dir='ltr'><strong>lile</strong></span> <span class='ocrx_word' id='word_1_133' title='bbox 456 2623 510 2684; x_wconf 65' lang='lat' dir='ltr'><strong>aero</strong></span> <span class='ocrx_word' id='word_1_134' title='bbox 524 2607 650 2683; x_wconf 63' lang='lat' dir='ltr'><strong>iactiastus</strong></span> <span class='ocrx_word' id='word_1_135' title='bbox 660 2623 672 2656; x_wconf 92' lang='lat' dir='ltr'><strong>e</strong></span> <span class='ocrx_word' id='word_1_136' title='bbox 683 2609 778 2683; x_wconf 72' lang='lat' dir='ltr'><strong>rupibus</strong></span> <span class='ocrx_word' id='word_1_137' title='bbox 787 2609 814 2656; x_wconf 88' lang='lat' dir='ltr'><strong>ia</strong></span> <span class='ocrx_word' id='word_1_138' title='bbox 823 2625 895 2672; x_wconf 79' lang='lat' dir='ltr'><strong>aquus</strong></span> <span class='ocrx_word' id='word_1_139' title='bbox 910 2612 1051 2686; x_wconf 67' lang='lat' dir='ltr'><strong>suppositus,</strong></span> <span class='ocrx_word' id='word_1_140' title='bbox 1061 2610 1165 2687; x_wconf 71' lang='lat' dir='ltr'><strong>demittit</strong></span> <span class='ocrx_word' id='word_1_141' title='bbox 1175 2625 1284 2660; x_wconf 75' lang='lat' dir='ltr'><strong>cucumere</strong></span> <span class='ocrx_word' id='word_1_142' title='bbox 1294 2613 1376 2660; x_wconf 75' lang='lat' dir='ltr'><strong>iucur-</strong></span> 
     </span>
     <span class='ocr_line' id='line_1_23' title="bbox 279 2671 1377 2808; baseline 0.004 -24"><span class='ocrx_word' id='word_1_143' title='bbox 279 2671 1377 2808; x_wconf 52' lang='lat' dir='ltr'><strong>ttttttttt’tttttttdttitttt&#39;tttttttttta..itttttttt</strong></span> 
     </span>
     <span class='ocr_line' id='line_1_24' title="bbox 278 2799 1377 2865; baseline 0.003 -17"><span class='ocrx_word' id='word_1_144' title='bbox 278 2805 361 2862; x_wconf 81' lang='lat' dir='ltr'><strong>operta</strong></span> <span class='ocrx_word' id='word_1_145' title='bbox 370 2815 440 2861; x_wconf 84' lang='lat' dir='ltr'><strong>usquc</strong></span> <span class='ocrx_word' id='word_1_146' title='bbox 450 2802 482 2848; x_wconf 88' lang='lat' dir='ltr'><strong>od</strong></span> <span class='ocrx_word' id='word_1_147' title='bbox 491 2799 576 2847; x_wconf 78' lang='lat' dir='ltr'><strong>intumo</strong></span> <span class='ocrx_word' id='word_1_148' title='bbox 583 2805 706 2848; x_wconf 78' lang='lat' dir='ltr'><strong>senserunt</strong></span> <span class='ocrx_word' id='word_1_149' title='bbox 717 2802 757 2848; x_wconf 86' lang='lat' dir='ltr'><strong>sed</strong></span> <span class='ocrx_word' id='word_1_150' title='bbox 767 2801 861 2850; x_wconf 72' lang='lat' dir='ltr'><strong>tordius</strong></span> <span class='ocrx_word' id='word_1_151' title='bbox 870 2803 966 2852; x_wconf 71' lang='lat' dir='ltr'><strong>autam</strong></span> <span class='ocrx_word' id='word_1_152' title='bbox 976 2818 991 2849; x_wconf 86' lang='lat' dir='ltr'><strong>o</strong></span> <span class='ocrx_word' id='word_1_153' title='bbox 1003 2804 1089 2852; x_wconf 75' lang='lat' dir='ltr'><strong>istem</strong></span> <span class='ocrx_word' id='word_1_154' title='bbox 1096 2804 1166 2863; x_wconf 83' lang='lat' dir='ltr'><strong>serre</strong></span> <span class='ocrx_word' id='word_1_155' title='bbox 1179 2803 1302 2865; x_wconf 81' lang='lat' dir='ltr'><strong>impresso,</strong></span> <span class='ocrx_word' id='word_1_156' title='bbox 1318 2805 1377 2852; x_wconf 81' lang='lat' dir='ltr'><strong>dum</strong></span> 
     </span>
     <span class='ocr_line' id='line_1_25' title="bbox 278 2864 1378 2929; baseline 0.005 -19"><span class='ocrx_word' id='word_1_157' title='bbox 278 2864 408 2926; x_wconf 82' lang='lat' dir='ltr'><strong>trepident,</strong></span> <span class='ocrx_word' id='word_1_158' title='bbox 429 2865 522 2926; x_wconf 52' lang='lat' dir='ltr'><strong>Quum</strong></span> <span class='ocrx_word' id='word_1_159' title='bbox 543 2877 635 2911; x_wconf 83' lang='lat' dir='ltr'><strong>sursum</strong></span> <span class='ocrx_word' id='word_1_160' title='bbox 650 2864 749 2923; x_wconf 79' lang='lat' dir='ltr'><strong>sertus:</strong></span> <span class='ocrx_word' id='word_1_161' title='bbox 768 2869 792 2913; x_wconf 85' lang='lat' dir='ltr'><strong>et</strong></span> <span class='ocrx_word' id='word_1_162' title='bbox 809 2866 879 2928; x_wconf 81' lang='lat' dir='ltr'><strong>uirgo</strong></span> <span class='ocrx_word' id='word_1_163' title='bbox 896 2872 960 2914; x_wconf 79' lang='lat' dir='ltr'><strong>nicto</strong></span> <span class='ocrx_word' id='word_1_164' title='bbox 978 2869 1100 2928; x_wconf 77' lang='lat' dir='ltr'><strong>respondet</strong></span> <span class='ocrx_word' id='word_1_165' title='bbox 1118 2865 1204 2914; x_wconf 72' lang='lat' dir='ltr'><strong>crebm</strong></span> <span class='ocrx_word' id='word_1_166' title='bbox 1221 2867 1378 2929; x_wconf 76' lang='lat' dir='ltr'><strong>trepidationi</strong></span> 
     </span>
     <span class='ocr_line' id='line_1_26' title="bbox 278 2927 1378 2992; baseline 0.003 -17"><span class='ocrx_word' id='word_1_167' title='bbox 278 2927 465 2989; x_wconf 77' lang='lat' dir='ltr'><strong>tiaeoeugitotoe.</strong></span> <span class='ocrx_word' id='word_1_168' title='bbox 499 2928 535 2975; x_wconf 84' lang='lat' dir='ltr'><strong>Et</strong></span> <span class='ocrx_word' id='word_1_169' title='bbox 551 2929 634 2974; x_wconf 83' lang='lat' dir='ltr'><strong>statim</strong></span> <span class='ocrx_word' id='word_1_170' title='bbox 650 2943 710 2990; x_wconf 77' lang='lat' dir='ltr'><strong>prees</strong></span> <span class='ocrx_word' id='word_1_171' title='bbox 726 2943 797 2977; x_wconf 79' lang='lat' dir='ltr'><strong>mauu</strong></span> <span class='ocrx_word' id='word_1_172' title='bbox 814 2929 880 2992; x_wconf 79' lang='lat' dir='ltr'><strong>sopit</strong></span> <span class='ocrx_word' id='word_1_173' title='bbox 898 2929 1058 2992; x_wconf 80' lang='lat' dir='ltr'><strong>inobliquam</strong></span> <span class='ocrx_word' id='word_1_174' title='bbox 1076 2927 1180 2992; x_wconf 68' lang='lat' dir='ltr'><strong>praedm</strong></span> <span class='ocrx_word' id='word_1_175' title='bbox 1188 2944 1308 2980; x_wconf 63' lang='lat' dir='ltr'><strong>massora</strong></span> <span class='ocrx_word' id='word_1_176' title='bbox 1323 2945 1378 2978; x_wconf 74' lang='lat' dir='ltr'><strong>oum</strong></span> 
     </span>
     <span class='ocr_line' id='line_1_27' title="bbox 278 2991 1379 3057; baseline 0.005 -19"><span class='ocrx_word' id='word_1_177' title='bbox 278 2992 381 3040; x_wconf 71' lang='lat' dir='ltr'><strong>urtone</strong></span> <span class='ocrx_word' id='word_1_178' title='bbox 389 3007 433 3053; x_wconf 83' lang='lat' dir='ltr'><strong>per</strong></span> <span class='ocrx_word' id='word_1_179' title='bbox 446 2991 533 3040; x_wconf 66' lang='lat' dir='ltr'><strong>utrem.</strong></span> <span class='ocrx_word' id='word_1_180' title='bbox 568 2991 657 3039; x_wconf 70' lang='lat' dir='ltr'><strong>suestra</strong></span> <span class='ocrx_word' id='word_1_181' title='bbox 667 2991 732 3040; x_wconf 81' lang='lat' dir='ltr'><strong>venti</strong></span> <span class='ocrx_word' id='word_1_182' title='bbox 740 2993 848 3056; x_wconf 79' lang='lat' dir='ltr'><strong>sequitur</strong></span> <span class='ocrx_word' id='word_1_183' title='bbox 858 2993 940 3055; x_wconf 74' lang='lat' dir='ltr'><strong>ictum,</strong></span> <span class='ocrx_word' id='word_1_184' title='bbox 956 2995 1146 3057; x_wconf 74' lang='lat' dir='ltr'><strong>quemadmodum</strong></span> <span class='ocrx_word' id='word_1_185' title='bbox 1156 2993 1379 3057; x_wconf 72' lang='lat' dir='ltr'><strong>aliquandosrsctis</strong></span> 
     </span>
     <span class='ocr_line' id='line_1_28' title="bbox 273 3054 1378 3120; baseline 0.005 -20"><span class='ocrx_word' id='word_1_186' title='bbox 273 3055 407 3116; x_wconf 74' lang='lat' dir='ltr'><strong>flagrorum</strong></span> <span class='ocrx_word' id='word_1_187' title='bbox 416 3054 548 3102; x_wconf 61' lang='lat' dir='ltr'><strong>animitas</strong></span> <span class='ocrx_word' id='word_1_188' title='bbox 557 3069 598 3115; x_wconf 85' lang='lat' dir='ltr'><strong>per</strong></span> <span class='ocrx_word' id='word_1_189' title='bbox 609 3069 680 3102; x_wconf 80' lang='lat' dir='ltr'><strong>uaros</strong></span> <span class='ocrx_word' id='word_1_190' title='bbox 688 3056 730 3103; x_wconf 77' lang='lat' dir='ltr'><strong>cir</strong></span> <span class='ocrx_word' id='word_1_191' title='bbox 739 3057 835 3118; x_wconf 82' lang='lat' dir='ltr'><strong>stridet,</strong></span> <span class='ocrx_word' id='word_1_192' title='bbox 844 3063 867 3107; x_wconf 88' lang='lat' dir='ltr'><strong>et</strong></span> <span class='ocrx_word' id='word_1_193' title='bbox 874 3057 968 3119; x_wconf 78' lang='lat' dir='ltr'><strong>agitato</strong></span> <span class='ocrx_word' id='word_1_194' title='bbox 977 3057 1032 3107; x_wconf 81' lang='lat' dir='ltr'><strong>o&#39;e&#39;se</strong></span> <span class='ocrx_word' id='word_1_195' title='bbox 1036 3057 1114 3120; x_wconf 75' lang='lat' dir='ltr'><strong>flotus</strong></span> <span class='ocrx_word' id='word_1_196' title='bbox 1123 3057 1218 3106; x_wconf 79' lang='lat' dir='ltr'><strong>sibilum</strong></span> <span class='ocrx_word' id='word_1_197' title='bbox 1227 3059 1285 3107; x_wconf 88' lang='lat' dir='ltr'><strong>edit.</strong></span> <span class='ocrx_word' id='word_1_198' title='bbox 1320 3058 1378 3106; x_wconf 75' lang='lat' dir='ltr'><strong>Hs·</strong></span> 
     </span>
     <span class='ocr_line' id='line_1_29' title="bbox 279 3117 1379 3185; baseline 0.006 -21"><span class='ocrx_word' id='word_1_199' title='bbox 279 3118 350 3164; x_wconf 72' lang='lat' dir='ltr'><strong>mide</strong></span> <span class='ocrx_word' id='word_1_200' title='bbox 358 3119 445 3179; x_wconf 78' lang='lat' dir='ltr'><strong>proedoe</strong></span> <span class='ocrx_word' id='word_1_201' title='bbox 455 3117 558 3164; x_wconf 72' lang='lat' dir='ltr'><strong>exiliunt</strong></span> <span class='ocrx_word' id='word_1_202' title='bbox 569 3118 593 3164; x_wconf 84' lang='lat' dir='ltr'><strong>in</strong></span> <span class='ocrx_word' id='word_1_203' title='bbox 604 3118 702 3179; x_wconf 78' lang='lat' dir='ltr'><strong>rupibus</strong></span> <span class='ocrx_word' id='word_1_204' title='bbox 711 3119 788 3181; x_wconf 86' lang='lat' dir='ltr'><strong>siccis,</strong></span> <span class='ocrx_word' id='word_1_205' title='bbox 798 3125 822 3168; x_wconf 88' lang='lat' dir='ltr'><strong>et</strong></span> <span class='ocrx_word' id='word_1_206' title='bbox 832 3122 1000 3171; x_wconf 69' lang='lat' dir='ltr'><strong>dehonestant</strong></span> <span class='ocrx_word' id='word_1_207' title='bbox 1011 3122 1143 3181; x_wconf 70' lang='lat' dir='ltr'><strong>rumiferos</strong></span> <span class='ocrx_word' id='word_1_208' title='bbox 1158 3122 1237 3170; x_wconf 74' lang='lat' dir='ltr'><strong>redies</strong></span> <span class='ocrx_word' id='word_1_209' title='bbox 1247 3123 1306 3171; x_wconf 73' lang='lat' dir='ltr'><strong>tricis</strong></span> <span class='ocrx_word' id='word_1_210' title='bbox 1316 3122 1379 3185; x_wconf 80' lang='lat' dir='ltr'><strong>ipsis</strong></span> 
     </span>
     <span class='ocr_line' id='line_1_30' title="bbox 279 3179 1378 3249; baseline 0.006 -22"><span class='ocrx_word' id='word_1_211' title='bbox 279 3179 426 3242; x_wconf 73' lang='lat' dir='ltr'><strong>effulgentis.</strong></span> <span class='ocrx_word' id='word_1_212' title='bbox 460 3182 496 3227; x_wconf 85' lang='lat' dir='ltr'><strong>Et</strong></span> <span class='ocrx_word' id='word_1_213' title='bbox 507 3179 576 3227; x_wconf 77' lang='lat' dir='ltr'><strong>robur</strong></span> <span class='ocrx_word' id='word_1_214' title='bbox 586 3183 645 3241; x_wconf 78' lang='lat' dir='ltr'><strong>quod</strong></span> <span class='ocrx_word' id='word_1_215' title='bbox 655 3181 681 3229; x_wconf 82' lang='lat' dir='ltr'><strong>in</strong></span> <span class='ocrx_word' id='word_1_216' title='bbox 692 3181 783 3240; x_wconf 80' lang='lat' dir='ltr'><strong>eisssit</strong></span> <span class='ocrx_word' id='word_1_217' title='bbox 793 3186 847 3232; x_wconf 78' lang='lat' dir='ltr'><strong>dmn</strong></span> <span class='ocrx_word' id='word_1_218' title='bbox 858 3187 969 3246; x_wconf 81' lang='lat' dir='ltr'><strong>degerent</strong></span> <span class='ocrx_word' id='word_1_219' title='bbox 984 3186 1011 3232; x_wconf 79' lang='lat' dir='ltr'><strong>ia</strong></span> <span class='ocrx_word' id='word_1_220' title='bbox 1028 3199 1070 3234; x_wconf 80' lang='lat' dir='ltr'><strong>stro</strong></span> <span class='ocrx_word' id='word_1_221' title='bbox 1078 3186 1167 3249; x_wconf 75' lang='lat' dir='ltr'><strong>fissio,</strong></span> <span class='ocrx_word' id='word_1_222' title='bbox 1183 3185 1332 3236; x_wconf 75' lang='lat' dir='ltr'><strong>debilitatum</strong></span> <span class='ocrx_word' id='word_1_223' title='bbox 1350 3187 1378 3234; x_wconf 75' lang='lat' dir='ltr'><strong>is</strong></span> 
     </span>
     <span class='ocr_line' id='line_1_31' title="bbox 278 3243 1379 3314; baseline 0.005 -22"><span class='ocrx_word' id='word_1_224' title='bbox 278 3243 550 3307; x_wconf 60' lang='lat' dir='ltr'><strong>undeciremem</strong></span> <span class='ocrx_word' id='word_1_225' title='bbox 564 3243 591 3292; x_wconf 80' lang='lat' dir='ltr'><strong>irs</strong></span> <span class='ocrx_word' id='word_1_226' title='bbox 607 3243 682 3308; x_wconf 63' lang='lat' dir='ltr'><strong>auru,</strong></span> <span class='ocrx_word' id='word_1_227' title='bbox 700 3260 758 3306; x_wconf 78' lang='lat' dir='ltr'><strong>quas</strong></span> <span class='ocrx_word' id='word_1_228' title='bbox 774 3247 902 3297; x_wconf 78' lang='lat' dir='ltr'><strong>oaietondo</strong></span> <span class='ocrx_word' id='word_1_229' title='bbox 920 3249 1037 3312; x_wconf 73' lang='lat' dir='ltr'><strong>occipiunt</strong></span> <span class='ocrx_word' id='word_1_230' title='bbox 1046 3253 1200 3314; x_wconf 73' lang='lat' dir='ltr'><strong>redduntque.</strong></span> <span class='ocrx_word' id='word_1_231' title='bbox 1231 3252 1290 3300; x_wconf 82' lang='lat' dir='ltr'><strong>dom</strong></span> <span class='ocrx_word' id='word_1_232' title='bbox 1300 3249 1379 3299; x_wconf 81' lang='lat' dir='ltr'><strong>debile</strong></span> 
     </span>
    </p>
   </div>
   <div class='ocr_carea' id='block_1_4' title="bbox 733 3400 914 3424">
    <p class='ocr_par' dir='ltr' id='par_1_17' title="bbox 733 3400 914 3424">
     <span class='ocr_line' id='line_1_32' title="bbox 733 3400 914 3424; baseline 0 -2"><span class='ocrx_word' id='word_1_233' title='bbox 733 3400 914 3424; x_wconf 64' lang='grc' dir='ltr'><strong><em>ΜΜΗΝΜ</em></strong></span> 
     </span>
    </p>
   </div>
   <div class='ocr_carea' id='block_1_5' title="bbox 282 3509 1378 3580">
    <p class='ocr_par' dir='ltr' id='par_1_18' title="bbox 282 3509 1378 3580">
     <span class='ocr_line' id='line_1_33' title="bbox 282 3509 1378 3580; baseline 0.008 -22"><span class='ocrx_word' id='word_1_234' title='bbox 282 3509 460 3562; x_wconf 69' lang='lat' dir='ltr'><strong>rmtar.-aos</strong></span> <span class='ocrx_word' id='word_1_235' title='bbox 475 3513 600 3564; x_wconf 76' lang='lat' dir='ltr'><strong>Antelstis</strong></span> <span class='ocrx_word' id='word_1_236' title='bbox 621 3515 682 3566; x_wconf 85' lang='lat' dir='ltr'><strong>edd.</strong></span> <span class='ocrx_word' id='word_1_237' title='bbox 701 3517 798 3580; x_wconf 79' lang='lat' dir='ltr'><strong>Delph.</strong></span> <span class='ocrx_word' id='word_1_238' title='bbox 821 3526 848 3568; x_wconf 86' lang='lat' dir='ltr'><strong>et</strong></span> <span class='ocrx_word' id='word_1_239' title='bbox 869 3519 1016 3569; x_wconf 70' lang='lat' dir='ltr'><strong>solt-sss</strong></span> <span class='ocrx_word' id='word_1_240' title='bbox 1040 3519 1082 3570; x_wconf 82' lang='lat' dir='ltr'><strong>Ar.</strong></span> <span class='ocrx_word' id='word_1_241' title='bbox 1104 3521 1278 3570; x_wconf 68' lang='lat' dir='ltr'><strong>Dirces-279</strong></span> <span class='ocrx_word' id='word_1_242' title='bbox 1294 3520 1378 3570; x_wconf 77' lang='lat' dir='ltr'><strong>laceto</strong></span> 
     </span>
    </p>
   </div>
   <div class='ocr_carea' id='block_1_6' title="bbox 772 3675 877 3726">
    <p class='ocr_par' dir='ltr' id='par_1_19' title="bbox 772 3675 877 3726">
     <span class='ocr_line' id='line_1_34' title="bbox 772 3675 877 3726; baseline 0.019 -2"><span class='ocrx_word' id='word_1_243' title='bbox 772 3675 877 3726; x_wconf 81' lang='lat' dir='ltr'>NOTAE</span> 
     </span>
    </p>
   </div>
   <div class='ocr_carea' id='block_1_7' title="bbox 279 3781 1376 4228">
    <p class='ocr_par' dir='ltr' id='par_1_20' title="bbox 279 3781 1376 4228">
     <span class='ocr_line' id='line_1_35' title="bbox 313 3781 1376 3847; baseline 0.009 -17"><span class='ocrx_word' id='word_1_244' title='bbox 313 3781 700 3847; x_wconf 71' lang='lat' dir='ltr'><strong>*arrNouoriedecepraptrgi21</strong></span> <span class='ocrx_word' id='word_1_245' title='bbox 714 3787 807 3840; x_wconf 79' lang='lat' dir='ltr'><strong>Pisces</strong></span> <span class='ocrx_word' id='word_1_246' title='bbox 847 3790 930 3840; x_wconf 84' lang='lat' dir='ltr'><strong>altera</strong></span> <span class='ocrx_word' id='word_1_247' title='bbox 945 3805 1047 3840; x_wconf 83' lang='lat' dir='ltr'><strong>sursum</strong></span> <span class='ocrx_word' id='word_1_248' title='bbox 1062 3792 1158 3842; x_wconf 81' lang='lat' dir='ltr'><strong>elatum</strong></span> <span class='ocrx_word' id='word_1_249' title='bbox 1174 3791 1285 3842; x_wconf 81' lang='lat' dir='ltr'><strong>tessellis</strong></span> <span class='ocrx_word' id='word_1_250' title='bbox 1299 3791 1376 3840; x_wconf 75' lang='lat' dir='ltr'><strong>suise-</strong></span> 
     </span>
     <span class='ocr_line' id='line_1_36' title="bbox 280 3855 1376 3988; baseline 0.01 -85"><span class='ocrx_word' id='word_1_251' title='bbox 280 3855 418 3980; x_wconf 48' lang='lat' dir='ltr'><strong>{rlclitrlrtertunt</strong></span> <span class='ocrx_word' id='word_1_252' title='bbox 428 3855 806 3922; x_wconf 67' lang='lat' dir='ltr'><strong>foraminanodosnonadrer-</strong></span> <span class='ocrx_word' id='word_1_253' title='bbox 847 3865 913 3988; x_wconf 51' lang='lat' dir='ltr'><strong>giist</strong></span> <span class='ocrx_word' id='word_1_254' title='bbox 931 3867 1049 3916; x_wconf 86' lang='lat' dir='ltr'><strong>‘Suber&#39;</strong></span> <span class='ocrx_word' id='word_1_255' title='bbox 1066 3879 1136 3929; x_wconf 80' lang='lat' dir='ltr'><strong>saepe</strong></span> <span class='ocrx_word' id='word_1_256' title='bbox 1153 3867 1232 3918; x_wconf 72' lang='grc' dir='ltr'><strong>ἅπλῶς</strong></span> <span class='ocrx_word' id='word_1_257' title='bbox 1248 3867 1376 3916; x_wconf 82' lang='lat' dir='ltr'><strong>‘cortex’</strong></span> 
     </span>
     <span class='ocr_line' id='line_1_37' title="bbox 311 3955 1376 4082; baseline 0.012 -26"><span class='ocrx_word' id='word_1_258' title='bbox 311 3963 360 4056; x_wconf 74' lang='lat' dir='ltr'><strong>are</strong></span> <span class='ocrx_word' id='word_1_259' title='bbox 371 4007 447 4058; x_wconf 84' lang='lat' dir='ltr'><strong>Ducit</strong></span> <span class='ocrx_word' id='word_1_260' title='bbox 456 4008 572 4072; x_wconf 77' lang='lat' dir='ltr'><strong>corticeis,</strong></span> <span class='ocrx_word' id='word_1_261' title='bbox 578 4010 631 4074; x_wconf 72' lang='lat' dir='ltr'><strong>isa]</strong></span> <span class='ocrx_word' id='word_1_262' title='bbox 642 4012 806 4064; x_wconf 85' lang='lat' dir='ltr'><strong>verriculum</strong></span> <span class='ocrx_word' id='word_1_263' title='bbox 867 3955 1006 4066; x_wconf 54' lang='lat' dir='ltr'><strong>¹{lttltmildra</strong></span> <span class='ocrx_word' id='word_1_264' title='bbox 1016 4017 1119 4082; x_wconf 74' lang='lat' dir='ltr'><strong>rupim]</strong></span> <span class='ocrx_word' id='word_1_265' title='bbox 1143 4018 1234 4070; x_wconf 83' lang='lat' dir='ltr'><strong>Pisces</strong></span> <span class='ocrx_word' id='word_1_266' title='bbox 1245 4017 1327 4082; x_wconf 83' lang='lat' dir='ltr'><strong>capti,</strong></span> <span class='ocrx_word' id='word_1_267' title='bbox 1341 4031 1376 4068; x_wconf 78' lang='lat' dir='ltr'><strong>ex</strong></span> 
     </span>
     <span class='ocr_line' id='line_1_38' title="bbox 279 4082 1104 4148; baseline 0.013 -18"><span class='ocrx_word' id='word_1_268' title='bbox 279 4082 414 4146; x_wconf 78' lang='lat' dir='ltr'><strong>expandit,</strong></span> <span class='ocrx_word' id='word_1_269' title='bbox 423 4083 505 4132; x_wconf 86' lang='lat' dir='ltr'><strong>altera</strong></span> <span class='ocrx_word' id='word_1_270' title='bbox 516 4090 590 4146; x_wconf 85' lang='lat' dir='ltr'><strong>parte</strong></span> <span class='ocrx_word' id='word_1_271' title='bbox 601 4085 706 4148; x_wconf 88' lang='lat' dir='ltr'><strong>plumbo</strong></span> <span class='ocrx_word' id='word_1_272' title='bbox 717 4089 805 4140; x_wconf 88' lang='lat' dir='ltr'><strong>autla-</strong></span> <span class='ocrx_word' id='word_1_273' title='bbox 845 4089 950 4142; x_wconf 84' lang='lat' dir='ltr'><strong>flumine</strong></span> <span class='ocrx_word' id='word_1_274' title='bbox 961 4093 1104 4142; x_wconf 85' lang='lat' dir='ltr'><strong>madentes.</strong></span> 
     </span>
     <span class='ocr_line' id='line_1_39' title="bbox 279 4154 803 4228; baseline 0.025 -26"><span class='ocrx_word' id='word_1_275' title='bbox 279 4154 382 4214; x_wconf 86' lang='lat' dir='ltr'><strong>pidibns</strong></span> <span class='ocrx_word' id='word_1_276' title='bbox 391 4159 541 4222; x_wconf 87' lang='lat' dir='ltr'><strong>depressum</strong></span> <span class='ocrx_word' id='word_1_277' title='bbox 552 4158 585 4210; x_wconf 87' lang='lat' dir='ltr'><strong>ad</strong></span> <span class='ocrx_word' id='word_1_278' title='bbox 603 4160 681 4214; x_wconf 85' lang='lat' dir='ltr'><strong>inum</strong></span> <span class='ocrx_word' id='word_1_279' title='bbox 695 4176 803 4228; x_wconf 85' lang='lat' dir='ltr'><strong>amnem,</strong></span> 
     </span>
    </p>
   </div>
   <div class='ocr_carea' id='block_1_8' title="bbox 0 0 1506 4884">
    <p class='ocr_par' dir='ltr' id='par_1_21' title="bbox 0 0 1506 4884">
     <span class='ocr_line' id='line_1_40' title="bbox 0 0 1506 4884; baseline 0 0"><span class='ocrx_word' id='word_1_280' title='bbox 0 0 1506 4884; x_wconf 95' lang='lat' dir='ltr'><strong> </strong></span> 
     </span>
    </p>
   </div>
  </div>
 </body>
</html>
