3034 4878
277 337 342 403 856
744 347 897 400 rosorrr

278 495 346 560 Sed
362 515 428 578 quo
444 499 624 573 nostrates,
641 493 847 578 Aquitanica
860 493 1008 571 nomina,
1022 493 1144 558 multos

320 595 484 675 Collatus,
498 616 561 662 non
576 603 609 662 et
623 597 789 674 subditus,
806 596 1003 680 aspicerem.

276 689 485 781 Exactisque
501 697 618 762 dehinc
633 717 693 781 per
706 697 793 762 trina
806 697 967 762 decennia
979 696 1076 760 tastis

321 798 464 864 Asserui
478 799 592 866 doctor
605 799 840 883 municipalem
856 819 1004 884 operam.

277 899 392 966 Aurea
404 906 437 966 et
451 899 599 983 Augusti
614 901 746 984 palatia
755 902 873 984 jussus
887 901 979 964 adire

318 1001 507 1086 Augustam
522 1004 671 1068 sobolem
688 1003 932 1070 Grammaticus
946 1002 1066 1067 docui:

276 1104 362 1170 Mox
376 1106 479 1172 etiam
493 1105 640 1171 Rhetor:
662 1125 726 1170 nec
741 1107 828 1171 onim
839 1103 966 1170 fiducia
977 1105 1079 1170 uobis

319 1206 432 1285 Vana,
441 1213 499 1271 aut
510 1225 578 1272 non
592 1208 691 1273 solidi
702 1209 807 1290 gloria
815 1207 949 1292 judicii.
1055 1233 1060 1240 ·

276 1307 368 1376 Cedo
385 1315 493 1373 tamen
506 1309 628 1375 suerint
640 1310 733 1375 fama
745 1309 875 1393 potiore
889 1307 1051 1390 magistri,

318 1409 409 1475 Dum
424 1411 507 1480 nulli
517 1410 618 1474 faerit
631 1410 818 1493 discipulus
830 1411 960 1475 melior.

275 1510 412 1578 Alcides
426 1512 584 1593 Atlantis,
598 1522 633 1578 et
648 1514 807 1578 AEacides
824 1511 989 1591 Chironis,

320 1613 425 1679 Peene
440 1616 527 1680 Jove
541 1617 604 1683 iste
620 1623 730 1693 satus,
744 1616 833 1680 filius
847 1613 905 1679 ille
919 1614 942 1679 J
944 1616 1029 1691 ovis,

275 1716 497 1795 Thessaliam,
512 1717 714 1801 Thebasque
729 1736 811 1782 suos
826 1717 975 1781 habuere
988 1718 1145 1799 penates:

320 1817 369 1882 At
383 1838 480 1882 meus
494 1819 548 1883 hic
565 1826 638 1884 toto
652 1826 765 1901 regnat
778 1820 813 1882 in
828 1819 906 1882 orbe
918 1839 990 1882 suo.

277 1921 383 2005 Cujus
398 1941 461 2003 ego
477 1919 612 1997 Comae,
627 1924 660 1983 et
672 1919 844 1997 Quaestor,
860 1926 893 1984 et
910 1921 1037 1983 culmen
1051 1918 1224 1998 honorum,
1323 1919 1368 1982 35

319 2022 502 2088 Praefectus
517 2021 638 2099 Gallis,
652 2027 686 2085 et
700 2019 832 2104 Libyae,
848 2029 884 2084 et
901 2019 1019 2084 Latio:

523 2128 544 2174 s

274 2219 312 2272 orl
327 2223 452 2284 Securum,
468 2227 510 2272 art
520 2223 624 2271 Prolem
635 2222 762 2286 Baptista
773 2239 782 2271 .·
798 2223 839 2271 sed
854 2225 880 2270 rrt
893 2222 997 2270 intuerer
1007 2220 1093 2269 maltos
1103 2235 1133 2269 cx
1142 2233 1193 2269 mea
1200 2219 1281 2282 patria
1293 2217 1367 2281 Arai·

276 2293 343 2336 tonos
353 2293 501 2350 comparatas
511 2285 568 2345 iltis,
578 2292 604 2335 at
622 2301 667 2334 aori
687 2287 794 2347 inferior.
827 2285 865 2334 Ac
882 2286 964 2334 usiam
976 2285 1061 2347 clapsis
1069 2285 1144 2345 fastis
1155 2298 1267 2332 cararum
1276 2297 1320 2342 per
1330 2289 1367 2332 ter

273 2353 351 2401 ‹lecem
360 2367 442 2413 canos,
451 2351 571 2400 modicam
581 2349 641 2398 mihi
656 2365 740 2399 murus
757 2351 854 2400 docmdt'
865 2350 891 2398 itt
902 2349 960 2398 arbe
975 2349 1120 2412 municipali.
1153 2349 1195 2408 Et,
1205 2349 1331 2396 crematas
1341 2348 1367 2396 t'rt

270 2417 362 2479 palatia
377 2420 462 2464 aurata
471 2415 633 2478 Imperatoris,
644 2416 735 2463 eratlioi
743 2415 832 2476 protem
844 2414 894 2473 eim
902 2415 1033 2474 Asamum
1042 2418 1070 2461 at
1086 2414 1269 2474 Grammaticus,
1284 2414 1367 2460 adacte

273 2482 301 2526 at
314 2477 404 2527 litator
411 2493 506 2542 quaque.
541 2480 604 2526 Nam
620 2493 666 2526 aaa
682 2483 718 2526 cst
735 2477 796 2526 mihi
814 2479 892 2526 iscais
903 2477 1050 2542 confidentia,
1061 2491 1133 2540 seque
1149 2479 1200 2524 taas
1215 2492 1267 2526 area
1278 2477 1365 2525 aititur

269 2543 361 2603 judicio
381 2557 428 2590 roa
439 2542 521 2606 firmo.
554 2541 715 2590 Nihilominus
735 2541 860 2590 extiterint
874 2547 1027 2604 preceptores
1044 2545 1122 2602 magis
1139 2540 1257 2602 celebrati,
1271 2555 1313 2602 per
1329 2553 1365 2588 me

274 2606 469 2666 ticet,dtrmmodo
485 2621 551 2654 asmo
572 2603 681 2653 halremt
697 2605 814 2652 meliorem
832 2606 979 2667 decipulam.
1013 2606 1128 2656 Hercules
1143 2604 1269 2668 disciprtlas
1281 2606 1364 2654 Asan-

203 2663 213 2678 ‘
272 2670 314 2729 tis,
331 2675 354 2719 et
370 2669 474 2719 Achilles
489 2669 618 2731 discipulas
631 2669 750 2730 Chironis,
765 2668 804 2716 hic
814 2669 975 2730 seregerritsrs
988 2669 1058 2730 Joae,
1075 2670 1115 2718 ille
1132 2669 1294 2728 mordacis,
1309 2683 1363 2731 pos·

272 2736 383 2810 sederam
406 2748 450 2796 pro
467 2733 554 2782 laribus
567 2734 618 2782 sais
639 2733 837 2808 Thessaliamst
857 2733 954 2808 Thebas.
1002 2733 1088 2782 Veram
1105 2734 1144 2781 hic
1159 2747 1222 2782 merus
1238 2731 1365 2795 discipulus

271 2797 1364 2940 :tw“tffirthttttth”titttt‘hatttsttittttttt‘t

271 3101 484 3218 {pppioffirrepone
512 3103 666 3167 Berytiumve
692 3103 887 3155 Patrae-ar
913 3102 954 3153 ht.
979 3103 1144 3168 Aquitaaaqtrc
1170 3103 1271 3152 nomina.
1303 3101 1363 3154 via.

766 3247 874 3300 NOTAE

305 3357 336 3404 at
363 3355 500 3419 Nostrates,
526 3353 669 3422 Aqritmtha
693 3359 797 3425 ramim]
871 3358 970 3422 llrehas]
988 3358 1127 3415 Hercules,

272 3429 418 3495 Appositio.
450 3429 483 3479 Id
502 3438 552 3495 est,
568 3431 720 3498 Aquitanos.
753 3435 797 3485 Sic
868 3439 899 3484 85
918 3436 992 3498 Cay'ro
1002 3450 1045 3496 ego
1057 3432 1313 3496 Commemoratur]
1330 3431 1360 3482 In

270 3509 297 3557 in
316 3505 400 3557 claris
410 3503 537 3556 Urbibus:
556 3507 734 3574 ‘Tectosagos
752 3525 796 3574 pa·
837 3511 986 3561 Gratiarum
1008 3509 1120 3560 Actione
1149 3507 1181 3558 ari
1209 3509 1359 3559 Gratianum

271 3584 362 3650 ganisa
372 3581 475 3633 nomina
484 3581 598 3635 Volcas.'
837 3600 885 3650 pro
896 3587 1054 3638 Consulatu:
1071 3584 1141 3634 ‘Sed
1158 3591 1312 3648 procurrunt
1334 3581 1360 3633 et

302 3665 336 3712 26
346 3657 478 3722 Augustam
487 3658 597 3722 scholam]
611 3659 796 3725 Imperatorem
836 3665 894 3714 alite
905 3665 1053 3729 dignitates,
1068 3668 1147 3727 atque
1159 3661 1184 3710 in
1196 3675 1285 3710 vocem
1305 3675 1361 3724 gra·

268 3733 425 3786 Gratianum
436 3735 608 3786 Valentiniani
621 3735 708 3788 filium.
836 3741 967 3790 tulationis
978 3743 1126 3802 erumpunt,
1142 3751 1173 3787 ac
1184 3751 1212 3786 se
1228 3737 1300 3800 prius
1317 3736 1358 3786 tle·

303 3815 336 3861 tta
353 3813 427 3861 Perre
436 3811 497 3860 Jove
512 3812 557 3862 ists
573 3813 650 3878 satas]
667 3814 795 3880 AEacides,
835 3815 897 3867 here
909 3817 1070 3881 profitentur.
1102 3816 1152 3864 Tot
1169 3813 1264 3878 gradus
1281 3812 1359 3862 uomi-

271 3885 386 3938 Achrllcs
399 3887 473 3936 Pelei
492 3886 569 3952 tillus,
585 3890 630 3955 qui
648 3895 705 3941 erat
716 3891 796 3956 AEeci,
836 3906 869 3941 ne
888 3892 996 3948 Comitis
1012 3897 1121 3955 propter
1139 3896 1184 3939 tua
1203 3889 1358 3939 incrementa

271 3964 364 4014 AEacus
377 3975 437 4011 vero
447 3960 529 4013 Joris.
835 3968 966 4032 congesti:
984 3982 1017 4017 ex
1029 3966 1185 4028 momento,
1201 3970 1229 4014 te'
1241 3978 1271 4013 ac
1286 3971 1359 4027 patre

305 4037 383 4088 Filias
391 4035 521 4100 illatoris]
536 4034 650 4103 Alcides,
669 4039 795 4092 Hercules
834 4042 1004 4108 principibus,
1020 4047 1150 4108 quaestura
1159 4039 1315 4090 commanis:
1332 4045 1358 4088 et

271 4113 343 4167 toris
354 4118 381 4162 et
390 4109 540 4162 Alcumena
551 4111 625 4163 filius.
835 4119 874 4168 tui
885 4125 983 4169 tantam
993 4117 1150 4184 praefectura
1160 4113 1292 4165 beneficii:
1303 4127 1356 4178 qua

303 4191 335 4237 tt
354 4187 506 4255 thessalam]
521 4187 645 4241 Achilles.
835 4199 864 4245 'et
874 4195 930 4260 ipsa
941 4209 991 4245 non
1004 4195 1059 4244 vult
1074 4194 1129 4246 rica
1147 4192 1258 4257 simplici
1274 4196 1356 4255 gratu·
