3026 4898
619 357 802 408 novumn.
1187 349 1253 414 587

150 497 251 577 ,Quid
265 500 300 564 in
315 501 414 565 tertio
430 498 669 581 Georgicorum
686 501 727 564 de
743 500 932 564 summissis
957 501 991 564 in
1011 521 1139 584 gregem
1153 503 1251 568 muri-

56 677 62 681 ,
102 670 120 679 ,
154 601 225 664 tisl
248 621 353 664 nonne
383 601 579 665 obsooeuam
606 600 881 682 significationem
906 600 1051 668 honesta
1075 603 1250 668 verborum
1320 627 1323 634 ’

153 702 369 768 translatione
383 701 534 766 velas-iti
579 701 623 765 Et
637 703 667 765 si
683 701 766 785 quid
781 702 816 766 in
830 710 947 767 uostm
956 703 1049 786 joco,
1060 686 1250 786 aliquorum

118 849 121 856 .
151 801 321 867 boininum
347 804 511 868 severitas
527 803 647 866 vestita
668 801 874 881 condemnat,
889 802 931 866 de
946 803 1090 884 Virgilio
1106 806 1248 870 arcessi·

148 910 221 967 tum
236 904 333 968 sciat.
379 903 485 984 Igitur
499 904 553 966 eui
567 903 620 966 hic
635 901 733 966 ludus
749 907 937 972 nosternon
952 905 1076 986 placet,
1097 923 1140 968 ne
1156 906 1244 986 lege

147 1006 208 1071 rit:
232 1009 291 1069 aut
305 1024 381 1069 cum
395 1004 522 1085 legerit,
537 1005 770 1069 obliviscatur:
794 1011 855 1068 aut
879 1024 945 1068 non
968 1005 1104 1082 oblitus,
1128 1007 1241 1088 ignos-

78 1143 91 1156 κ
150 1110 218 1169 cat.
261 1103 394 1169 Etenim
416 1105 533 1169 fabula
554 1103 595 1168 de
619 1104 748 1188 nuptiis
769 1111 838 1170 est:
861 1111 896 1170 et
912 1105 1006 1182 velit,
1028 1106 1124 1183 nolit,
1151 1108 1247 1171 aliter

148 1207 222 1271 brec
239 1225 338 1270 sacra
351 1225 417 1271 non
432 1212 612 1271 constant.¹¹

640 1369 752 1420 NOTAE

62 1472 68 1480 '
147 1477 290 1541 perstricta
301 1476 400 1527 scilicet
415 1491 481 1527 voce
500 1477 542 1542 (ut
553 1477 590 1528 ait
601 1478 678 1528 Plato
751 1477 857 1528 ¹¹Aliter·
871 1478 920 1527 bec
937 1493 1005 1528 mera
1019 1493 1065 1528 soa
1083 1477 1246 1542 coaeterni}-
1323 1493 1326 1498 ·

145 1555 175 1602 in
203 1550 322 1617 Cratylo)
348 1567 407 1617 quae
435 1551 514 1602 fuerit
531 1551 678 1617 αὶσχόρῥυον,
719 1553 930 1617 rasmutAdsgio
946 1555 986 1604 88.
1006 1553 1172 1604 Centuriael.
1185 1556 1244 1604 Chia

144 1627 342 1694 quasidrliuxor
351 1626 450 1693 ῥοῦν,ἰ<1
461 1631 678 1693 est,aemperim·
719 1629 780 1678 liud.
800 1633 826 1679 2.
842 1630 919 1679 ‘Hoc
939 1630 1031 1693 udagio
1049 1630 1139 1679 iicebit
1158 1631 1204 1692 uti,
1220 1631 1242 1678 si

146 1705 255 1768 pediam
267 1703 374 1765 fluxum,
394 1705 462 1768 quod
479 1705 675 1769 vituperandum
715 1704 817 1772 qrraudo
834 1703 975 1753 fatebimur
992 1706 1104 1769 culpam,
1124 1705 1171 1754 sed
1182 1719 1240 1769 qua

143 1780 180 1830 ait
191 1779 339 1842 agitationis
349 1779 520 1831 obstaculum.
536 1781 674 1843 Maranga·
713 1781 751 1832 rei
762 1781 871 1845 locoque
882 1779 1040 1830 conveniat?
1060 1780 1168 1830 Visetur.

143 1857 182 1906 lroe
192 1855 328 1905 Aemate

526 2069 609 2119 xrv.
633 2069 750 2118 susm.
794 2054 860 2119 ³61

141 2190 227 2256 Vsa
244 2196 329 2256 erat:
352 2194 385 2254 et
398 2189 523 2254 blando
540 2187 729 2253 mordentia
743 2181 870 2271 frigora
884 2206 988 2253 sensu

182 2293 341 2375 Spirabat
356 2310 474 2356 crocco
490 2310 587 2382 mane
600 2296 737 2356 revecta
753 2290 838 2354 dies.

139 2395 297 2459 Strictior
313 2395 405 2458 Eoos
420 2399 643 2476 praecesserat
658 2412 739 2458 aura
747 2391 894 2476 jugales,
907 2477 910 2482 Ι

184 2494 383 2558 AEstiferum
398 2495 545 2559 suadens
561 2494 745 2577 anticipare
760 2492 859 2556 diem.

137 2595 299 2660 Errabam
314 2596 418 2678 riguis
434 2616 494 2679 per
508 2595 657 2680 quadrua
673 2594 824 2677 compita
837 2594 872 2657 in
887 2591 1005 2668 bortis,
1212 2593 1234 2655 5

187 2697 325 2762 Maturo
341 2699 483 2782 cupiens
499 2715 553 2761 me
569 2703 725 2780 vegetare
741 2695 806 2759 dic.
912 2705 915 2714 '

169 2883 234 2930 Erat
245 2895 316 2932 earm
327 2885 465 2995 Ιειῖγωωε
476 2884 500 2929 et
520 2879 570 2956 diet
586 2879 684 2954 reducta
702 2877 764 2927 lateo
773 2890 842 2926 marre
851 2869 1064 2932 aichdorfrigus
1072 2849 1233 2944 parisiam

127 2946 234 3007 jucundo
243 2961 321 2996 uasa.
379 2948 472 2994 artatus
485 2949 565 2994 ¹terrum
574 2944 680 2992 calcabat
692 2955 760 3005 equos
770 2942 879 3000 Aurora,
889 2942 993 2987 saeuam
1002 2939 1033 2984 ad
1044 2933 1231 2996 praecauendum

132 3011 196 3060 diem
205 3011 334 3061 aucturum
343 3009 450 3060 calorem
483 3007 640 3058 Ambuludoor
647 3005 756 3056 indoctis
765 3002 866 3066 irrigatis
874 3015 917 3066 per
925 2999 1092 3052 ambulationes
1096 2997 1232 3060 maeatae,

630 3151 736 3204 NOTAE
764 3163 770 3168 '

167 3252 182 3282 ¹⁹
203 3251 343 3303 Anacreon
380 3253 519 3317 praeiverat
544 3249 662 3301 Ausonio
703 3247 807 3312 Virgilii
826 3259 908 3310 opera
926 3248 1032 3308 reperta
1048 3247 1076 3292 et
1091 3240 1161 3291 edita
1175 3237 1230 3290 ioe-

132 3344 210 3394 quem
231 3329 355 3394 permulti
376 3329 546 3380 Recentiores
566 3325 663 3379 imitati
703 3333 770 3387 rant,
789 3338 820 3374 ac
843 3327 951 3387 propter
972 3333 1043 3370 auam
1062 3315 1230 3380 elegantiam,

131 3405 254 3472 (namque
265 3405 307 3455 cui
317 3419 368 3454 nou
379 3405 450 3455 dicta
457 3405 525 3454 Rosa
534 3400 586 3466 eat)
598 3402 661 3450 Pas·
703 3403 758 3466 ejus
770 3415 825 3452 ease
844 3399 888 3449 diu
905 3397 1007 3448 credita
1030 3401 1098 3445 aunt.
1134 3393 1229 3442 Verum

130 3482 251 3546 acratius,
260 3483 357 3532 Valens
364 3480 507 3542 Acidaliae,
515 3478 660 3530 donabere·
703 3493 735 3528 ea
746 3477 816 3527 inter
825 3475 924 3538 scripta
933 3469 1051 3534 Ausonii,
1061 3483 1135 3534 quern
1148 3466 1229 3530 magis

130 3559 265 3621 merarius,
281 3559 364 3610 Jaoua
381 3555 597 3625 ,corturiacum
609 3553 660 3602 Ro·
702 3569 776 3617 qoam
787 3551 924 3614 Virgilium
933 3548 1065 3609 redolent,
1081 3560 1139 3595 eum
1156 3559 1229 3608 repe-

130 3649 172 3684 aas
188 3634 348 3684 cecinerunt.
381 3631 579 3696 Elegantissime
591 3629 659 3679 Ροὲ·
700 3629 796 3678 iissent
822 3627 996 3690 Hieronymus
1026 3621 1168 3682 Aleander,
1200 3623 1229 3686 et

131 3715 158 3758 ta
184 3714 273 3760 noster
299 3709 423 3758 Rcaaruru
455 3707 617 3756 incrementa
643 3720 660 3754 a
699 3705 875 3769 Marinngelus
892 3700 1045 3761 Accursius,
1061 3697 1162 3747 auctori
1183 3696 1228 3744 illa

130 3785 220 3850 primis
230 3784 311 3835 initiis
321 3785 354 3834 ad
365 3783 441 3834 tinem
453 3797 534 3850 usque
545 3781 659 3844 descrip·
698 3795 745 3830 suo
756 3784 929 3831 asseruerunt.

132 3863 176 3914 sit.
729 3858 813 3906 dPer
834 3856 940 3918 quadrua
957 3849 1069 3914 compita]
1090 3845 1229 3896 Translata

162 3941 174 3986 l
198 3937 246 3988 Ver
261 3938 326 4000 erut]
340 3936 397 3986 Hoc
409 3933 537 3998 Edyllioo,
554 3939 582 3983 et
599 3947 656 3997 quse
696 3929 826 3997 ‘quadrua
838 3925 967 3992 compita'
983 3923 1097 3990 appellat
1116 3933 1227 3983 concur-¹

129 4013 193 4063 ‘Vir
204 4011 304 4076 bonus,'
313 4010 359 4062 Ναὶ
369 4010 408 4060 nal
417 4011 453 4068 οὔ,
465 4011 472 4038 ‘
483 4011 583 4060 AEtates
601 4009 655 4058 aui·
695 4016 792 4070 rentes,
806 4007 875 4057 inter
883 4017 958 4053 areas
969 3999 1046 4061 horti,
1061 3995 1165 4046 semitas
1176 4007 1224 4080 seu

128 4083 655 4153 aralium,'‘ilerculiseerumnre,’et‘Mu-
695 4081 881 4133 ambulationes
897 4083 1022 4142 quatuor:
1040 4085 1100 4156 cum
1119 4081 1228 4156 proprie

130 4180 214 4216 suram
235 4162 354 4215 inventa'
375 4161 557 4226 inscribuntur,
584 4161 654 4210 iuter
693 4159 727 4208 de
747 4155 849 4222 maguis
867 4153 914 4203 viis
939 4143 1150 4232 concurrentibus
1178 4159 1223 4194 ex-
