3000 4882
752 347 907 404 Ausonii

448 496 637 576 AusoniuS,
651 516 771 562 nomen
786 495 920 573 italum,

449 601 642 683 Praeceptor
657 599 801 682 Augusti
816 601 878 678 tui,

450 701 625 784 AEsopium
641 700 853 766 trimetriam:

450 802 564 882 Quam
577 801 674 868 vertit
687 801 768 865 exili
784 801 871 884 stylo

453 901 616 968 Pedestre
630 903 835 968 concinnans
850 919 949 984 opus,

453 1005 563 1069 Fundi
576 1003 733 1070 Titianus
750 1004 883 1068 artifex.
1047 989 1049 996 ’

458 1106 509 1171 Ut
522 1105 577 1171 hic
593 1106 650 1172 avi
663 1125 703 1170 ac
718 1105 822 1189 patris
837 1105 941 1168 decus

362 1267 365 1282 ,
455 1208 570 1274 Mixto
584 1207 747 1292 refulgens
762 1205 933 1288 sanguine,

458 1307 707 1392 Probianoque,
721 1327 762 1372 ac
779 1306 918 1386 Anicio;

456 1407 471 1492 (
476 1407 521 1473 Ut
536 1408 707 1491 quondam
721 1410 755 1472 in
769 1407 870 1474 Albae
884 1407 1051 1475 moenibus

458 1510 642 1593 Supremas
657 1511 769 1576 AEnea
784 1513 891 1589 satus,

458 1612 586 1677 Silvios
602 1611 687 1676 Iulis
701 1613 837 1678 miscuit
845 1608 872 1694 t)

432 1727 435 1734 '
458 1714 516 1779 Sic
532 1715 606 1795 istc,
621 1714 679 1798 qui
693 1721 793 1781 natus
807 1721 900 1791 tuna,
941 1733 944 1740 ¹

289 1902 360 1950 usque
381 1887 461 1938 Risui
479 1887 587 1952 subulas,
605 1886 698 1936 lanatae
717 1886 836 1936 trimetros
855 1884 993 1946 AEaopicos:
1009 1897 1065 1946 quos
1084 1881 1193 1932 titianus
1209 1883 1288 1928 orator
1307 1877 1383 1929 uertit

290 1952 355 2001 terrai
371 1946 484 2003 orationis
498 1967 592 2017 genere,
608 1965 743 2015 componens
752 1965 810 2013 opas
820 1949 952 2002 metricam.
988 1947 1020 1997 Ut
1036 1945 1150 2011 tiafita'us
1158 1951 1220 2007 raas,
1230 1945 1302 1993 tortor
1312 1944 1354 1992 aei
1364 1947 1388 1992 et

288 2016 376 2079 putris,
395 2019 516 2082 spleadcas
531 2019 607 2066 mixto
625 2030 710 2078 genere
727 2014 857 2074 Probiana,
876 2018 900 2063 et
918 2011 1012 2069 Anicio,
1031 2011 1234 2076 (quenadmodum
1249 2009 1306 2057 oiim
1321 2007 1389 2057 intra
1478 2003 1479 2020 ¹

290 2094 369 2130 maror
378 2083 446 2134 etta
458 2081 649 2148 extremusfitiur
659 2080 742 2154 AEucoe
753 2078 846 2128 miscatt
857 2075 944 2128 Sitot'os
957 2075 1041 2142 latia)
1050 2076 1087 2124 ita
1094 2075 1144 2137 iiie,
1154 2074 1195 2140 qai
1199 2073 1270 2138 fliius
1280 2077 1316 2122 eat
1323 2077 1387 2134 tao,

747 2204 928 2226 ”mm

291 2323 345 2371 arti:
361 2335 435 2384 acque
454 2320 529 2384 bene,
545 2327 667 2372 censente
685 2319 864 2371 Florida-81
881 2319 923 2373 ΑΙ.
944 2319 1131 2370 rutam-sa
1141 2322 1160 2373 ,⁴
1171 2319 1203 2370 In
1223 2318 1307 2367 altero
1323 2314 1391 2366 libro

294 2387 428 2462 perspicue
441 2384 586 2448 tegebatur,
600 2389 671 2434 satae
681 2386 727 2434 tui.
760 2384 916 2448 Suspicabar
927 2381 1016 2447 t'rriase,
1031 2390 1101 2434 satus
1117 2383 1171 2446 tici,
1186 2396 1233 2446 pro
1248 2381 1304 2432 titi.
1336 2381 1390 2430 Do-

293 2450 356 2500 tnde
366 2463 426 2513 uon,
442 2448 485 2499 Sic
495 2449 558 2499 iste:
575 2449 631 2511 aed,
643 2449 749 2500 Hieiste
760 2449 912 2514 legendum:
927 2449 967 2500 ita
985 2463 1048 2501 sane
1064 2448 1222 2532 constructio
1238 2447 1392 2512 oportuerit

785 2561 895 2613 NOTAE

327 2662 360 2708 ts
378 2657 501 2722 AEaoas'ars
516 2658 671 2723 trimetriam]
690 2657 822 2723 Apologos
863 2659 949 2709 senius
969 2657 1094 2708 meminit.
1127 2659 1192 2706 Eum
1212 2654 1392 2705 aMnximinis

294 2735 428 2798 Isssopicos
448 2733 570 2785 lambitis
586 2735 709 2786 trimetris
726 2734 760 2786 ab
778 2735 822 2784 aii·
863 2734 895 2785 ad
918 2735 1084 2785 Comitiatum
1104 2731 1331 2794 merminiaco,
1347 2731 1392 2782 aad

295 2823 349 2878 qno
366 2809 462 2860 Groeco
479 2809 558 2873 potita
576 2810 697 2874 scriptos,
712 2815 741 2861 et
756 2810 823 2860 a'i'i·
864 2823 916 2860 non
935 2808 1091 2859 ordinarium
1113 2823 1147 2858 ex
1163 2809 1222 2858 ioco
1242 2807 1393 2858 Gratiarum

296 2885 368 2938 tiano
388 2883 502 2948 pedestri
524 2885 616 2936 Latino
634 2899 751 2937 sermone
769 2898 824 2935 rer·
865 2884 982 2936 Actionis
993 2899 1072 2949 supra
1083 2883 1189 2934 laudato
1200 2883 1287 2948 colligi
1297 2888 1393 2948 potest.

296 2977 346 3014 aot.
897 2966 929 3013 82
949 2961 1009 3026 Hic]
1026 2960 1149 3024 Olybrius
1170 2961 1212 3010 hic
1228 2959 1335 3010 videtur
1351 2959 1393 3010 de·

330 3040 360 3086 st
378 3035 458 3086 Fundi
469 3037 578 3087 iitiaaau
586 3036 689 3101 artifex]
700 3037 751 3088 Hic
757 3036 826 3088 idern
866 3037 970 3103 signari,
982 3037 1062 3088 Probi
1074 3037 1149 3102 hujus
1166 3045 1194 3088 ct
1209 3035 1312 3086 Aniciae
1326 3035 1394 3088 dliua

298 3111 478 3164 videturesse
499 3114 531 3163 de
552 3127 603 3177 quo
630 3114 656 3162 iu
677 3113 826 3163 Gratiarum
865 3115 893 3164 in
905 3128 985 3177 supra
994 3113 1085 3163 relatis
1095 3111 1319 3177 icriptionibua.
1357 3153 1359 3158 ,

298 3187 410 3238 Actione
427 3200 476 3253 pro
494 3189 652 3238 Consolatnt
671 3189 827 3242 ‘Quomodo
899 3195 933 3241 st
949 3189 1082 3252 Pretiosa]
1097 3188 1140 3240 Ex
1150 3197 1225 3254 parte
1237 3188 1319 3255 patria
1333 3188 1395 3238 Pro·

299 3263 455 3314 ct'litianus
471 3264 612 3328 Magister:
633 3264 680 3314 sed
699 3265 827 3328 gloriosus
867 3265 904 3317 bi.

298 3337 343 3386 iile
360 3338 541 3402 municipalem
560 3340 671 3390 scholam
693 3339 762 3404 apud
784 3341 828 3390 Vi·
899 3343 999 3408 Anicio]
1019 3344 1060 3392 Ex
1081 3347 1157 3407 parte
1178 3340 1279 3392 Anicia
1298 3341 1395 3391 matria.

300 3414 453 3472 santionem,
466 3415 682 3480 Lugdunumque,
698 3416 828 3480 variando,
868 3419 1016 3483 Utrumque
1026 3419 1094 3468 huuc
1110 3418 1259 3482 sanguinem
1273 3416 1314 3467 sic
1332 3418 1398 3466 cole·

300 3503 353 3540 uon
369 3496 448 3540 tatatc
464 3489 578 3554 quidem,
591 3492 638 3541 sed
650 3492 751 3563 uilitate
767 3508 828 3544 con·
868 3494 928 3544 brat
945 3495 982 3545 D.
1002 3494 1177 3558 Hieronymus
1196 3493 1230 3542 ad
1247 3493 1396 3542 Demetria-

300 3565 404 3616 senuit.'
436 3567 571 3616 Maximini
593 3567 705 3618 Caeaaris
725 3568 752 3618 in
771 3577 829 3619 arte
868 3569 972 3619 demde
988 3568 1292 3632 serrandarirginitate:
1308 3567 1398 3618 ‘Scili-

301 3641 416 3692 oratoria
426 3642 560 3705 magister,
577 3657 654 3707 quem
666 3643 828 3708 Capitolinus
869 3649 913 3696 cet
928 3658 997 3695 nono
1007 3644 1068 3696 mihi
1079 3644 1226 3695 Proborum
1236 3651 1266 3693 et
1277 3643 1399 3706 Olybrio·

301 3717 417 3768 ‘simiam
435 3718 474 3768 sui
496 3718 637 3783 temporis:
655 3719 777 3771 Sidonius
793 3720 830 3770 A·
869 3735 925 3770 rum
935 3723 1005 3772 citra
1016 3719 1161 3785 repetenda
1171 3727 1233 3770 sunt
1240 3720 1361 3770 nomina:
1372 3727 1398 3770 et

303 3793 436 3859 poitiuaris
447 3794 531 3858 Epist.
543 3794 628 3844 tuabi
639 3809 697 3845 eum
713 3795 829 3846 ‘Julinm
868 3796 974 3846 illustris
996 3795 1084 3846 Anicii
1104 3796 1236 3860 sauguinis
1258 3809 1350 3860 genos,
1372 3797 1397 3844 in

302 3871 447 3924 'titianum’
470 3873 596 3935 nominat,
620 3873 780 3924 ‘oratorum
796 3875 830 3924 si·
867 3886 919 3938 quo
931 3872 1078 3935 autunum,
1089 3878 1136 3922 eut
1146 3883 1220 3922 rarus
1233 3879 1286 3935 est,
1296 3871 1397 3937 quinon

303 3948 540 4000 miam'fuisseait.
565 3942 831 4013 'manoperamemo
869 3948 995 3998 meruerit
1005 3946 1190 3998 eonditum:

303 4025 492 4091 rantqaadam
513 4025 674 4089 Capitolinus
693 4024 832 4089 etApoili·
903 4023 1086 4087 Sudantem
1104 4025 1184 4074 AEaeu
1208 4021 1286 4086 satta]
1304 4022 1396 4076 Silvius

304 4101 383 4163 naris,
399 4102 493 4167 quibua
503 4100 563 4150 addi
575 4105 682 4165 possunt
691 4107 719 4150 et
729 4100 832 4164 apologi
871 4097 1186 4161 cannamomum:
1197 4101 1306 4151 Laurus
1322 4099 1396 4162 tilius,

305 4176 339 4226 de
354 4176 450 4228 Gracco
464 4177 593 4242 translati,
612 4191 720 4242 quorum
729 4177 771 4228 iric
781 4173 834 4227 Au·
872 4175 923 4228 iuli
933 4175 1024 4230 fratris
1035 4171 1062 4226 in
1073 4175 1148 4228 Alba
1157 4189 1239 4242 regno
1249 4178 1341 4230 dues.
