3026 4898
592 379 770 430 BDYLLIA.

135 502 383 570 Mnnrosssnn
396 503 521 586 tragico
535 506 719 586 proclamat
732 511 854 570 moestu
867 507 982 572 boatu.

136 604 275 669 Conrica
288 605 415 670 lascivo
429 604 551 686 gaudet
565 624 714 670 sermone
726 605 891 670 Turum.

132 781 212 830 tristis
221 783 336 832 eeuhmut
346 784 437 833 ululotu
447 786 548 845 tragico.
576 783 659 833 Μία
666 785 754 834 comice
764 787 893 835 delectatur
903 785 1006 834 oratiose
1014 787 1086 837 molli.
1114 787 1219 850 euterpe

630 927 734 978 NOTAE

166 1021 182 1050 ⁶
197 1023 255 1072 Etsi
265 1022 299 1073 de
316 1023 449 1073 Musarum
467 1036 573 1074 numero
591 1023 659 1073 inter
697 1023 724 1073 lri
734 1038 823 1074 versus
833 1025 860 1074 in
871 1026 1009 1076 catalectis
1021 1026 1131 1089 Virgilii.
1147 1027 1220 1078 Alies

133 1097 274 1160 scriptores
285 1111 334 1147 non
351 1098 488 1159 convenitp
506 1112 554 1147 usn
573 1104 659 1148 tarueu
698 1099 813 1163 ejusdem
824 1101 967 1164 argumenti
984 1099 1064 1152 refert
1075 1101 1170 1151 Tollius
1186 1116 1220 1151 ex

133 1179 276 1235 receptum,
291 1180 369 1237 utque
380 1172 486 1224 Homeri
502 1172 659 1222 auctoritate
697 1174 797 1238 scripto
812 1189 968 1241 papyraceo,
979 1176 1113 1228 luvenalis
1129 1178 1221 1228 satiras

132 1245 312 1297 confirmatum
323 1254 374 1307 eat,
392 1261 485 1298 novem
500 1246 603 1296 omnino
614 1260 658 1296 ex·
697 1250 857 1312 continente,
867 1252 976 1316 margini
987 1253 1111 1316 ascriptos
1127 1268 1143 1303 u
1157 1269 1221 1319 quo·

131 1323 228 1374 titisse.
260 1322 657 1387 Moiuuddmdaeiuuwdyss.
699 1325 757 1374 dam
770 1327 848 1376 Petro
864 1327 974 1378 loannis
993 1328 1025 1377 de
1044 1329 1138 1378 (londa
1154 1343 1221 1381 enno

132 1405 162 1450 tt.
179 1397 310 1447 Hesiodus
320 1411 421 1462 qnoque
431 1411 522 1447 novem
531 1403 660 1460 recenset,
698 1403 770 1450 1478.
780 1401 881 1464 ineptos
891 1402 993 1466 quidem
1003 1403 1070 1462 lllos,
1086 1411 1114 1453 et
1130 1409 1223 1454 contra

133 1487 166 1522 ue
187 1472 278 1522 iisdem
300 1471 443 1521 nominibus
463 1471 579 1534 appellnt
600 1485 658 1535 quse
699 1475 825 1538 prosodiae
852 1477 921 1540 leges
949 1485 1075 1540 peccante
1097 1483 1223 1528 extremo.

133 1543 274 1595 etiamnum
296 1559 461 1610 usurpamus:
484 1543 564 1595 Ἐννέα
588 1550 658 1606 durs·
699 1551 788 1599 Musas
798 1564 874 1612 porro
892 1551 1103 1604 finxeruntJovis
1121 1567 1178 1603 esse
1194 1559 1224 1603 et

131 1619 197 1685 cipes
204 1619 310 1682 perum
323 1619 379 1670 Aius
388 1622 530 1682 ἐκγεγαυῖαι,
539 1618 616 1670 lisele
626 1620 659 1683 τ’,
698 1623 890 1687 Mnemosyncs,
898 1624 924 1673 id
935 1631 985 1688 est,
995 1627 1137 1691 Memorio,
1145 1627 1221 1690 filias,

133 1694 240 1759 sirim
260 1713 295 1757 re,
313 1693 401 1744 oiseii
417 1712 452 1756 re,
469 1692 611 1755 Μελπομένη
623 1712 660 1757 re,
699 1711 805 1761 quarum
826 1699 930 1748 nomina
948 1699 986 1749 uic
1005 1699 1222 1763 interpretentur.

132 1768 262 1833 Τερψιχόρι
278 1769 312 1834 r’,
333 1767 423 1833 Ἐρατώ
437 1786 474 1830 re,
490 1768 609 1831 Πολύμνιά
625 1769 660 1833 r',
699 1773 756 1822 clio
774 1773 821 1822 &si
835 1775 880 1822 τοῦ
894 1771 986 1834 κλέους,
1005 1788 1021 1822 s
1041 1774 1131 1838 glorie,
1146 1788 1221 1840 quam

134 1844 234 1908 οὐρανίη
251 1861 287 1905 τε,
302 1843 428 1902 Καλλιόπη
443 1844 475 1904 τ’,
494 1849 543 1895 duc.
560 1845 659 1908 Theop.
690 1844 818 1898 *affertiis
829 1863 936 1912 quorum
952 1856 1026 1912 gesta
1043 1850 1123 1901 canit.
1155 1851 1223 1900 Mel·

134 1935 202 1970 rurs.
215 1925 256 1971 to.
267 1927 295 1970 et
304 1933 377 1985 seqq.
394 1921 435 1968 De
449 1933 535 1969 eurum
551 1919 661 1970 inventis
700 1934 808 1985 pomene
820 1920 961 1984 αμέλπομω
972 1923 1097 1986 modulor,
1107 1923 1197 1974 'l'hslis
1207 1939 1224 1973 u

135 1996 198 2046 nihil
214 1996 283 2059 apud
300 2002 402 2046 veteres
419 1995 475 2045 illus
486 1994 593 2057 Poiitua,
611 1995 660 2044 nisi
700 1997 795 2047 θάλλεν
820 1998 915 2060 virere,
942 1999 1097 2063 germinare,
1121 1998 1223 2050 florere.

135 2070 205 2136 quod
231 2070 361 2121 Hesiodus
387 2071 468 2120 tradit
493 2071 525 2118 iis
548 2069 662 2119 esrmiue
701 2074 824 2136 Euterpe,
841 2081 869 2124 et
883 2074 1082 2137 Terpsichores
1096 2073 1225 2139 ripreob·

135 2159 207 2195 curae
223 2159 290 2208 esse,
305 2141 358 2210 peu
375 2144 440 2203 iudi
457 2143 604 2206 illudue-rur.
622 2158 659 2193 rs.
699 2148 779 2195 lecto.
811 2147 891 2196 Erato
909 2145 955 2196 isi
972 2148 1015 2195 reri
1027 2147 1129 2212 'Eperos
1144 2149 1176 2199 ub
1189 2149 1225 2198 A·

134 2223 177 2270 uo.
189 2232 232 2268 ess
244 2218 352 2282 pedibus
360 2219 512 2283 tripudiare,
521 2219 662 2283 ὰιρῤόναν·
701 2234 780 2270 more.
812 2220 937 2284 Calliope,
947 2235 963 2270 u
974 2220 1052 2270 Καλὸς
1068 2223 1184 2286 pulcher,
1195 2228 1224 2272 et

133 2312 163 2342 το
179 2292 206 2342 tt
221 2293 315 2345 melu
333 2309 371 2344 rs.
389 2297 414 2343 8·
446 2295 533 2346 Mores
549 2296 661 2345 Deorum
700 2292 1225 2358 td,rox,qnodpulclrrsmlrsbeatvucem.

136 2369 280 2430 celebrare,
297 2368 355 2426 ἤθει
373 2367 442 2418 corut
456 2367 588 2419 'Ararim
597 2368 662 2418 etei·
700 2368 798 2417 Uranie
811 2368 939 2432 Coelestis,
959 2369 993 2419 ab
1010 2370 1103 2434 οὐρανὸς
1115 2371 1225 2423 Culum.

132 2456 210 2492 uuum.
219 2457 257 2492 rs.
269 2447 310 2492 or.
342 2444 495 2504 Praesentia,
515 2442 612 2506 futura,
626 2457 658 2493 uc
698 2443 895 2506 Polyhymnius
910 2443 985 2494 susis
1000 2457 1028 2495 et
1046 2445 1148 2507 inrum
1159 2447 1224 2496 mul·

135 2517 271 2581 praeterita
281 2518 427 2580 concinere,
437 2517 499 2567 seir*
510 2518 589 2581 idere,
596 2516 658 2567 τότ’
697 2517 809 2569 titudine
820 2527 920 2582 mutus,
930 2522 973 2569 rel
985 2521 1130 2584 Polymuia,
1146 2520 1224 2572 Πολύ·

134 2591 259 2656 ἐσσόμενα,
268 2589 313 2655 πρό
326 2591 351 2639 ν’
367 2591 509 2658 &erumpi
526 2594 659 2658 ὁμηρεῦσαι.
698 2611 774 2656 mem,
786 2610 802 2643 s
812 2594 986 2657 magnitudine
997 2598 1141 2648 memoritur
1158 2597 1225 2658 μνεία

136 2670 229 2718 reid.
261 2666 395 2730 Calliopen
409 2669 521 2718 omniurn
537 2674 661 2732 prestun·
700 2671 769 2719 eninr
780 2671 964 2721 memoriuest.

134 2743 260 2792 tissimum
279 2743 365 2806 Reges
383 2745 517 2795 comitari:
535 2751 664 2809 l'lpupeper·
734 2742 750 2771 '
767 2743 819 2792 cllo
836 2749 905 2806 geste
924 2759 1009 2794 emese
1024 2747 1151 2795 mmet&
1167 2751 1226 2796 tess-

133 2816 198 2878 sdea
208 2815 274 2866 ἐστὶν
282 2816 399 2883 ἁπασέων,
408 2819 489 2880 ‘ll'plr
497 2819 544 2884 γὰρ
552 2819 663 2876 naemei·
701 2833 760 2882 poro
768 2817 859 2879 reddit]
870 2819 1017 2882 Nonnullis,
1026 2835 1089 2884 quos
1097 2821 1165 2869 inter
1175 2821 1225 2870 Ga·

135 2909 177 2944 νιν
202 2891 240 2954 dp’
268 2892 386 2944 αἶδοίνισιν
406 2893 494 2950 ὀπηδεῖ.
533 2897 592 2946 Nec
611 2895 663 2944 illis
704 2891 773 2941 rolus
791 2891 874 2954 Petis,
892 2892 949 2940 Clio
968 2901 1009 2941 est
1027 2907 1085 2957 qum
1102 2893 1226 2944 citnaram

136 2968 241 3034 quidem
252 2970 409 3033 temporibus
426 2985 480 3020 sum
496 2971 588 3034 cuique
605 2983 664 3032 par·
704 2971 786 3016 tenet.
819 2967 882 3014 Eam
893 2967 1009 3028 suspicor
1021 2982 1086 3031 esse,
1102 2967 1145 3017 cni
1155 2969 1227 3018 volu·

137 3051 179 3093 tes
189 3042 324 3107 assignare
342 3042 462 3094 fueram:
483 3045 552 3094 unde
564 3041 663 3092 Latinis
703 3053 761 3089 men
773 3039 798 3087 in
810 3037 923 3088 manibus
934 3043 1105 3105 convolutum,
1118 3055 1227 3109 quaeque

136 3119 208 3168 nullo
217 3115 299 3170 ferme
309 3119 412 3170 delectu
427 3119 516 3170 habito
526 3119 664 3168 invocate.
702 3113 821 3164 innititur
847 3113 975 3178 columna,
1002 3123 1031 3166 ut
1057 3133 1177 3168 mansura
1200 3121 1226 3169 iu

137 3193 209 3243 Hine
220 3195 402 3244 elemeraiteu
418 3194 567 3258 opinionum
582 3191 665 3243 varie-
704 3203 787 3238 aevurn
797 3188 982 3252 significentur,
998 3205 1056 3255 qum
1071 3193 1128 3242 Clio
1139 3193 1227 3244 Histo-

138 3274 229 3331 tas,ut
247 3281 322 3318 nuum
341 3269 404 3318 illud
423 3276 499 3318 extra
515 3275 663 3321 summover-
703 3265 748 3314 riae
758 3280 850 3328 parens
860 3267 941 3317 literis
953 3269 1119 3320 mandaverit.

137 3344 201 3392 siam
212 3342 322 3405 positum
338 3343 451 3407 rideam,
467 3344 586 3406 ingenuis
602 3347 663 3396 urti-
735 3339 924 3404 'Melpomene
931 3343 1023 3404 tragico
1029 3346 1157 3406 mmmm
1164 3359 1230 3395 utus·

138 3418 188 3468 bu
197 3431 310 3482 preesse
321 3419 427 3480 Μηιιες
438 3419 593 3483 qumouique
605 3421 663 3483 arti,
702 3416 729 3463 ia
740 3415 820 3477 bonis]
827 3416 944 3480 scripior
955 3418 1030 3467 modo
1041 3418 1164 3481 allegatus
1175 3421 1230 3469 vult

136 3492 170 3540 lis
181 3491 320 3541 etiamnum
332 3492 367 3542 sit
377 3492 529 3556 subjudice.
562 3493 591 3544 si
602 3493 664 3559 quid
703 3503 761 3538 eum
771 3503 827 3539 esse
838 3490 880 3539 cui
894 3505 941 3554 pru
958 3492 1073 3554 symbolo
1084 3495 1229 3546 Barbiton:

137 3573 226 3617 tamen
237 3579 270 3616 ea
279 3566 313 3615 de
325 3581 362 3629 re,
373 3581 431 3631 qum
441 3565 545 3617 videtur
556 3581 588 3617 ex
597 3567 664 3618 Poe-
703 3564 772 3629 quod
792 3578 850 3614 curn
872 3566 997 3629 pluribus,
1017 3583 1092 3632 quam
1114 3569 1230 3632 cithara,

139 3649 223 3692 turum
234 3640 341 3692 arbitrio
359 3640 521 3706 pependisse,
539 3648 665 3694 statutum
704 3637 796 3688 fidibus
818 3641 972 3690 instructum
990 3649 1068 3704 esset,
1085 3643 1229 3706 Polymnire

139 3716 198 3780 quis
208 3715 296 3778 veliet,
315 3715 424 3766 deberet
440 3716 472 3779 is,
490 3729 548 3766 mes
562 3716 665 3781 quidem
705 3714 806 3764 videtur
813 3715 894 3779 magis
903 3723 1061 3779 competere.
1077 3717 1232 3779 igiturMel·

142 3789 282 3852 sententia,
313 3790 381 3855 quod
408 3792 540 3841 Musarum
572 3791 667 3841 attinet
705 3805 829 3856 pomenen
847 3794 903 3841 risse
917 3792 1028 3842 arbitror
1039 3807 1095 3857 qum
1107 3793 1231 3842 citharam

142 3865 264 3928 cnorum,
285 3866 393 3915 nummis
414 3865 565 3929 Pomponius
582 3867 666 3929 gentis
706 3857 836 3930 tenet,‘uc
852 3867 959 3930 fingitur
976 3865 1091 3916 Ausonio
1100 3863 1231 3928 irsgoedi-

141 3939 262 4003 dsiiuire,
280 3954 343 4004 quos
362 3946 518 4004 eapropter
535 3941 575 3990 iric
596 3941 666 3989 exiri·
706 3955 748 3990 arn
766 3942 902 4003 inuenisse,
917 3942 985 3991 forte
996 3941 1065 4006 quod
1076 3943 1102 3989 in
1114 3938 1229 4002 ejusdem

142 4015 206 4065 bere
224 4015 323 4078 placuit
341 4028 356 4063 e
375 4013 482 4064 Schedia
499 4014 667 4072 Moreillanls,
707 4016 797 4065 choris
817 4015 922 4065 Cithara
941 4015 1054 4065 adhiberi
1071 4015 1163 4073 solitup
1179 4014 1231 4062 etsi

142 4097 172 4140 et
182 4104 241 4140 cum
251 4089 358 4140 Ausonii
370 4089 472 4153 Edyilio
483 4087 611 4139 conferre.
706 4091 887 4154 Melpomenen
906 4090 1004 4153 Lyricm
1023 4088 1095 4152 poesi
1118 4101 1232 4154 praeesse

177 4165 262 4220 lGlio
270 4170 337 4228 gestu
353 4164 448 4227 cemus]
466 4162 624 4214 Referuntur
640 4171 668 4215 et
707 4164 836 4220 lubentius
848 4177 948 4214 censeo.
1204 4157 1209 4168 '
