3034 4878
425 366 465 414 ru
489 363 751 413 ununssrrcus
776 365 824 412 nn
849 361 1045 412 unneruos.
1188 347 1252 412 885

562 521 862 568 'l'E'l'RAS‘l'lGl-ION.

255 625 326 691 Dat
334 641 490 708 prensum
501 621 671 707 Leporem,
683 639 824 706 cumque
835 623 911 706 ipso
923 622 1058 706 palmite
1069 621 1168 687 scetus

300 726 464 806 orroeon
479 709 616 808 pingues
630 725 688 790 dot
704 725 765 788 tibi
780 724 863 787 roris
877 742 967 788 oves-

253 828 276 893 J
278 848 332 893 um
344 826 497 891 Bromios
508 844 662 907 spumare
673 825 780 901 lacos,
795 830 828 889 et
837 831 949 888 musto
960 843 1078 888 sonare

298 928 457 1012 Apparet.
503 925 592 991 Vino
607 946 666 992 vus
680 927 767 992 colet
777 944 856 990 ecce
866 943 967 990 novo.

654 1064 767 1118 NOTAE

202 1164 449 1230 emmeramum
464 1163 604 1226 muscose]
627 1163 692 1212 Com
732 1163 810 1213 dolia.
842 1159 994 1212 ‘Bromios'
1008 1167 1093 1210 antero
1110 1160 1183 1224 dicit,
1194 1162 1253 1226 quie

172 1245 310 1295 Lambecio
318 1241 435 1304 intelligo
444 1238 566 1290 Perdices
573 1237 692 1301 maxime,
732 1237 844 1300 Boccho,
852 1237 922 1288 inter
933 1236 991 1298 eliu,
1006 1235 1103 1286 Bromii
1114 1250 1254 1299 cognomen

171 1318 363 1380 etAttsgenas
449 1372 457 1394 0
732 1313 783 1363 tuit
801 1311 898 1363 tedred
915 1311 1006 1377 βρέμειν
1015 1309 1132 1373 tremere,
1149 1313 1189 1361 vel
1207 1311 1254 1361 dub

202 1400 217 1444 8
238 1395 345 1445 Bromios
362 1406 468 1458 spsurure
478 1391 554 1455 luens]
578 1389 691 1439 Vasati-
730 1389 773 1447 τῆς
782 1389 891 1454 βροντῆς,
906 1402 923 1437 a
938 1387 1053 1450 tonitru;
1068 1387 1135 1451 qood
1154 1388 1254 1437 scilicet

171 1473 315 1535 uariaque
326 1477 437 1520 mustum
454 1468 525 1532 prelo
543 1479 691 1529 expressum
731 1465 757 1515 in
776 1467 859 1516 lucem
877 1465 961 1516 editus
978 1470 1027 1528 est,
1048 1469 1130 1513 matre
1147 1462 1254 1515 fulmine

171 1547 310 1612 recipiunt,
331 1551 361 1593 nt
381 1544 441 1594 inde
460 1539 651 1591 transmittatur
666 1540 692 1588 in
732 1553 863 1605 percussa.

562 1701 603 1754 IN
621 1699 864 1750 NOVEMBREM.

202 1807 386 1856 Novnrsnunrr
398 1800 502 1852 exbibet
513 1800 553 1849 vir
562 1800 670 1849 amictus
690 1797 814 1848 carbasea
824 1805 907 1859 veste,
916 1796 1014 1859 calvos,
1033 1797 1163 1860 ingentem
1175 1801 1204 1844 et
1214 1809 1253 1843 ro·

171 1887 276 1937 tondum
288 1892 379 1936 tenens
390 1882 523 1944 tabellum,
539 1881 582 1932 cui
593 1893 698 1944 serpens
711 1878 779 1942 gyris
791 1878 941 1927 convolutus
953 1876 1065 1940 insistit3
1081 1878 1164 1927 ultera
1178 1889 1253 1924 menn

171 1966 282 2016 sistrum.
314 1961 435 2014 Cernitur
444 1974 546 2027 qnoque
557 1959 642 2009 Anser
653 1955 818 2008 Sacerdotem
829 1957 940 2009 intuens.

562 2124 861 2173 TETRASTlGHON.

198 2292 203 2299 .
255 2219 570 2310 Gurbeseosurgens
584 2225 761 2310 posthunc
773 2225 1043 2290 indutuaumictu

299 2327 438 2407 Mensis,
453 2328 657 2412 abantiquis
672 2345 766 2392 secra
781 2326 956 2410 Deumque
970 2325 1060 2392 dulit.

254 2427 288 2495 ‘A
304 2452 372 2515 quo
385 2432 445 2496 rix
459 2430 578 2497 uvidus
593 2429 694 2494 sistro
710 2428 935 2512 compescitur
948 2429 1067 2493 Anser.

296 2533 519 2617 Derotnsque
532 2532 615 2598 antis
628 2532 732 2596 ubero
746 2531 808 2595 sert
821 2530 974 2595 humeris.

658 2678 766 2730 NOTAE

201 2781 214 2826 1
230 2773 346 2825 cobano
355 2787 461 2836 mmm,
469 2774 523 2838 rso]
540 2771 691 2824 Versiculos
730 2775 833 2826 modom
850 2776 931 2827 baltei
948 2782 1116 2840 recurvatam,
1135 2777 1252 2841 trejecto

169 2852 210 2903 liic
233 2850 343 2899 maxime
361 2847 518 2912 depravatos
537 2854 647 2912 spprret
665 2849 691 2898 in
730 2851 821 2901 medin
833 2865 921 2916 pancre
934 2852 1050 2916 virgulas,
1057 2853 1185 2917 crispante
1192 2854 1252 2903 bra-

166 2925 291 2976 Eucherii
314 2925 366 2974 liis.
386 2923 489 2976 codice:
515 2923 551 2974 ibi
579 2925 689 2988 legitur:
730 2927 788 2975 eblo
815 2928 969 2990 tergeminos
993 2929 1092 2993 jactus,
1109 2930 1253 2980 reddebant

171 3003 299 3052 Curbuseos
305 3007 357 3066 pust
369 3003 430 3052 irrue
440 3005 507 3051 umas
515 3001 611 3050 indutu
620 3001 691 3050 nude·
732 3007 849 3063 argutum
860 3017 958 3052 sonum.

169 3085 215 3129 tus.
764 3078 1020 3142 Compescitnrdoser]
1043 3079 1179 3142 Frugibus,
1194 3094 1251 3130 curn

201 3158 216 3202 2
234 3153 334 3215 Mensis,
349 3152 379 3201 ub
396 3151 509 3215 antiquis,
519 3149 572 3213 dm]
597 3150 639 3199 ltu
655 3150 692 3199 lc·
731 3159 876 3214 erumpunt,
896 3151 1014 3210 infestos,
1031 3160 1162 3218 tantaeqoe
1172 3155 1252 3204 avidi·

169 3235 234 3291 gout
251 3229 377 3291 Scaliger,
392 3228 512 3289 vinetus,
532 3225 692 3275 Lembecios.
731 3226 800 3283 tetis,
809 3227 888 3276 utrix
899 3229 1043 3292 crepitante
1051 3229 1128 3278 sistro
1137 3244 1252 3294 compes·

169 3303 253 3352 Aliter
275 3301 398 3352 Bucherii
420 3302 517 3351 codex:
545 3301 693 3363 Mesopbidos
731 3300 854 3364 ciqneat.
887 3301 1251 3366 Ideolsidisucer,etiuvic·

167 3379 271 3441 uotique
286 3391 362 3439 sunu,
381 3376 503 3439 Deumque
519 3375 583 3423 colit.
616 3375 692 3426 Quod
730 3377 980 3429 timumdestinatus.
1012 3379 1182 3429 Notnmerei
1196 3394 1251 3430 rus·

167 3454 285 3513 mullem3
303 3451 374 3501 urbia
385 3464 494 3514 numque
504 3448 621 3499 conditor
633 3447 691 3497 Osi·
731 3453 789 3501 ticae
801 3453 969 3515 scriptoribus
978 3467 1040 3503 sves
1051 3455 1134 3504 sonito
1145 3455 1251 3516 terreri;

166 3529 211 3590 ris,
223 3534 250 3577 et
259 3529 285 3576 in
298 3542 330 3576 ee
341 3541 414 3576 sacru
427 3526 520 3586 Isiaco,
537 3525 620 3588 prims
639 3523 691 3574 No·
728 3527 772 3575 Sic
783 3526 876 3590 virgil.
888 3527 985 3591 Georg.
997 3541 1017 3578 1.
1025 3528 1033 3556 ‘
1041 3526 1095 3577 Aut
1105 3529 1191 3578 sonitu
1199 3534 1251 3578 ter·

168 3603 278 3653 vembris
287 3603 340 3665 die,
348 3617 380 3651 ex
389 3601 555 3663 Kelenderis,
564 3599 691 3649 celebrsri
730 3602 798 3652 rubis
809 3601 888 3653 ures?

166 3678 262 3738 solitu3
280 3676 348 3725 unde
370 3674 525 3724 Petronius:
541 3673 689 3737 ‘Memphi
761 3682 777 3726 4
794 3679 942 3740 Deootsrsprre
951 3676 1011 3725 sutis
1020 3675 1091 3725 ubere
1101 3675 1155 3736 sert
1171 3677 1249 3728 lemm-
1271 3707 1276 3718 .

166 3753 236 3803 tides
252 3753 345 3816 puellus
363 3749 449 3799 Sacris
469 3749 552 3797 Deum
572 3747 689 3811 paratae!
728 3750 775 3814 sis]
792 3751 940 3801 Postremus
951 3751 994 3799 ille
1005 3751 1144 3801 versiculos
1161 3751 1250 3803 diffiei-

167 3830 232 3879 Cum
251 3834 338 3878 antem
359 3826 422 3874 Deae
441 3823 588 3872 sacerdotes
608 3823 688 3872 lineos
728 3827 778 3876 lior
789 3835 829 3875 est
839 3840 915 3890 quum
935 3827 1016 3888 primu
1035 3826 1137 3877 videtur
1152 3827 1248 3880 fronte.

164 3905 292 3954 baberent
312 3901 432 3962 amictus,
454 3899 552 3960 idcireo
574 3899 688 3962 Linigeri
728 3900 846 3950 salebras
867 3901 931 3950 vidit
948 3901 1064 3950 eruditos
1090 3903 1153 3953 Ant.
1179 3906 1249 3968 expl.

165 3979 239 4040 dicti,
256 3985 284 4027 et
294 3978 351 4039 ipse
360 3975 481 4039 Linigere
490 3974 629 4036 appellata.
726 3984 825 4037 auctor,
840 3989 890 4024 non
910 3973 1031 4024 abstulit:
1048 3989 1132 4040 neque
1144 3978 1181 4026 sui
1193 3986 1251 4029 erat

196 4059 211 4103 ³
229 4053 319 4116 Sieiro]
336 4054 423 4102 Docet
438 4051 547 4100 Vinctos
566 4065 598 4100 ex
616 4050 687 4114 Apu·
727 4050 841 4100 instituti
851 4049 962 4098 anferre.
984 4049 1093 4100 Vinctus
1102 4055 1207 4115 exponit
1216 4055 1250 4110 de

164 4129 216 4178 leio
228 4128 330 4177 sistrum
342 4125 420 4176 inisse
432 4140 526 4176 nereum
543 4128 687 4190 crepitacu-
727 4127 782 4189 ipso
798 4138 885 4174 mense
907 4124 980 4188 qnasi
999 4125 1114 4175 serendis
1134 4125 1250 4191 frugibus

166 4206 226 4262 lom,
237 4203 309 4268 cujus
321 4217 367 4266 per
379 4208 513 4266 angustum
531 4202 649 4262 luminum
661 4203 686 4250 in
728 4201 831 4264 idoneo,
857 4214 997 4265 succosque
1017 4201 1112 4251 semiue
1137 4203 1247 4255 refertus
