3034 4878
535 373 586 420 nn
610 373 819 442 ausonium.
1169 367 1233 434 865

138 513 274 592 tiones:
287 520 391 598 atque
404 516 537 598 epulum
552 519 791 602 postulassem:
815 528 853 584 tu
868 521 948 588 mihi
962 539 1098 590 mensas
1114 546 1232 594 secun·

142 613 219 692 das,
241 623 277 679 et
289 617 484 699 scitamenta
498 619 633 702 exignae
658 621 764 685 laneis
779 627 987 707 apponeres?
1026 627 1104 712 “Fac
1120 632 1234 697 veniat

140 715 176 780 in
190 725 341 795 mentem,
355 719 441 800 quid,
450 719 573 786 Graeca
587 741 690 804 super
703 723 765 786 hoe
781 723 873 789 dicat
886 727 1001 790 oratio.
1047 725 1164 796 Peraia
1176 753 1232 796 rm·

142 815 303 894 trimatae,
313 819 432 901 inquit,
440 839 616 906 quanquam
628 843 647 884 a
659 832 756 886 morte
769 821 973 907 defendimur,
981 827 1064 894 ailil
1074 839 1177 895 tamea
1189 833 1234 898 ad

40 949 41 954 κ
140 916 296 981 robustam
308 916 513 982 valetudinem
527 941 751 1004 promovemur.
787 924 948 1006 Putasne,
962 949 1016 992 me
1028 930 1071 994 de
1086 951 1232 1016 oocupa-

139 1018 288 1116 tionibus
311 1020 377 1086 tuis
397 1039 474 1085 esse
490 1023 689 1087 taciturumt
735 1023 892 1102 Quaestor
905 1048 955 1107 es,
976 1032 1129 1098 memini:
1153 1054 1231 1099 con·

140 1119 210 1184 silii
233 1120 355 1204 regalis
383 1114 566 1206 perticam,
593 1123 683 1188 scio:
710 1125 797 1208 adde
820 1125 887 1192 huo
912 1129 980 1196 alia
993 1127 1093 1196 'mille
1113 1125 1232 1202 rerum.

138 1221 320 1306 Nunquam
333 1224 455 1300 evenit,
475 1229 513 1288 ut
526 1226 692 1307 ingenium
707 1232 800 1292 tunm
815 1229 912 1295 labor
926 1233 1064 1314 deterat,
1085 1229 1231 1318 benigni-

135 1329 241 1387 tatem
264 1343 344 1390 cnra
369 1324 492 1403 flectat,
514 1324 704 1392 facundiam
731 1347 811 1393 usus
834 1331 1017 1399 exhauriat.
1061 1335 1099 1401 Si
1114 1337 1231 1404 diurna

136 1425 271 1508 negotia
284 1441 452 1510 nunqnam
466 1428 650 1511 distingues
666 1431 798 1514 qui'ete3
821 1439 909 1499 certe
926 1437 1125 1502 antelucano
1141 1457 1230 1504 som-

136 1527 306 1591 nonullos
320 1527 506 1614 indulserim
528 1537 567 1594 ut
589 1529 689 1594 detur
702 1531 840 1614 aliquod
859 1541 990 1618 tempus
1005 1537 1133 1604 officiis.
1176 1538 1231 1605 An

136 1629 199 1693 tibi
213 1647 333 1712 pamm
346 1629 493 1714 exempli
507 1631 640 1696 videtur
654 1631 691 1695 in
705 1631 856 1712 Comioo,
871 1655 945 1699 cnm
961 1637 1027 1702 ait:

195 1759 298 1832 Quum
312 1760 436 1880 'vellem‘¹
451 1763 545 1828 etiam
559 1773 649 1828 nocta
664 1765 768 1829 amicis
783 1787 906 1851 operam
920 1789 982 1832 mos
996 1779 1068 1834 esset
1084 1770 1177 1836 dari!

137 1899 206 1964 Sed
219 1919 279 2006 our
292 1919 354 1984 ego
369 1902 530 1992 sermonis
545 1921 672 2000 pauper
686 1903 813 1970 diutius
829 1903 1015 2006 obganniol
1061 1903 1230 1972 Imitanda

137 2007 190 2066 est
213 1976 294 2066 mihi
312 1983 464 2094 epistola
485 2023 613 2081 recens,
635 2011 673 2068 ut
695 2011 810 2069 cetera
833 1995 959 2067 morum
975 2009 1125 2071 morum:
1148 2006 1230 2072 forte

136 2107 327 2192 occupatus
339 2122 474 2199 recusas
487 2104 600 2192 literas
611 2103 791 2185 longiores.
837 2103 878 2168 Id
893 2096 942 2168 ita
955 2123 1031 2168 esse
1045 2105 1138 2169 recte
1152 2105 1230 2171 con·

129 2203 233 2294 jecto.
276 2199 389 2267 Video
404 2184 502 2296 enim,
518 2225 620 2288 quam
634 2203 723 2270 nolis
738 2204 845 2270 multa
866 2203 986 2310 legere,
1012 2207 1068 2270 cui
1094 2207 1152 2318 vix
1177 2214 1229 2273 est

135 2305 240 2394 otium
255 2324 374 2392 pauca
379 2305 517 2370 dictare.
539 2295 662 2370 Vnae.

623 2467 730 2519 No'rAE

166 2563 286 2614 semare
307 2563 447 2629 mariolum]
466 2565 578 2615 Vetusto
601 2577 660 2630 pro·
701 2569 785 2612 torum
802 2561 949 2612 animalium
971 2575 1031 2612 caro
1053 2562 1121 2625 plebi
1143 2563 1229 2614 distri·

133 2639 434 2692 verbtosataresdieta
450 2640 660 2690 lentissimraooe·
699 2640 794 2690 buitur.
828 2639 948 2701 ‘Populo
970 2637 1108 2687 visceratio
1130 2637 1191 2688 data
1213 2655 1229 2691 a

133 2731 186 2778 nae,
203 2709 659 2796 asaliirMartirDeiRomresacer·
699 2714 914 2765 MareoFlavio
908 2727 933 2761 ιιι
953 2711 1045 2762 funere
1062 2714 1168 2764 matria!
1184 2715 1240 2764 Li..

134 2785 248 2873 dotibus.
527 2803 528 2808 ¹
597 2794 599 2805 '
697 2789 838 2838 viusHist.
850 2801 894 2836 ιιι
970 2808 972 2818 =

159 2865 379 2928 evisceratione]
396 2865 494 2928 Dicta,
510 2879 568 2916 enm
579 2865 660 2916 solen
731 2865 838 2922 *Quom
857 2865 948 2927 vellem,
968 2865 1020 2930 tra]
1048 2867 1088 2918 Ex
1109 2868 1228 2922 Terentii

132 2946 159 2995 ni
172 2957 255 3007 sacro,
270 2951 315 2992 ant
330 2942 460 3007 Magnetis
475 2940 576 3006 funere,
594 2943 658 2992 mul·
698 2941 851 3006 Adelphis,
844 2941 920 2991 rnrtro
931 2947 1004 2992 actua
1014 2947 1038 2993 4.
1288 2940 1293 2948 '

426 3191 478 3238 Vl·
502 3192 737 3240 SYMMACHUS
761 3191 937 3240 AUSONlO

177 3325 265 3390 Ensr
281 3325 475 3412 plerumque
491 3344 571 3390 vera
585 3330 636 3390 est
649 3325 740 3410 apud
758 3329 916 3422 parentes
929 3323 1126 3438 praedicatio
1141 3321 1227 3387 filio-

133 3448 219 3508 rum,
240 3427 354 3492 nescio
369 3447 481 3512 quo
459 3433 568 3491 tamen
582 3433 686 3512 pacto
702 3411 934 3514 detrimentum
949 3423 1058 3488 meriti
1073 3421 1125 3488 sni
1139 3425 1227 3507 pati-

132 3537 199 3607 tur,
222 3528 300 3610 dum
325 3547 537 3644 personarum
559 3535 712 3611 spectare
728 3509 864 3608 gratiam
875 3525 1056 3609 judicatur.
1101 3521 1226 3600 Quaero

132 3631 234 3714 igitur
247 3631 391 3694 incertus
406 3629 519 3707 animi,
530 3649 607 3722 quae
622 3620 702 3692 mihi
716 3648 803 3692 nune
818 3625 1026 3709 potissimum
1039 3643 1140 3706 super
1154 3625 1226 3687 viro

131 3731 316 3798 honorabili
337 3731 574 3795 Tranassem*
599 3749 721 3809 genero
748 3736 807 3792 tuo
837 3727 940 3790 verba
964 3723 1124 3789 sumenda
1148 3725 1230 3787 sint.

133 3831 172 3896 Si
185 3851 286 3916 parce
304 3851 435 3896 morum
455 3831 526 3914 ejus
542 3830 664 3894 decora
679 3830 851 3910 attingam,
872 3826 985 3890 liventi
1001 3825 1118 3889 similis
1134 3824 1227 3887 sesti⁶

131 3934 266 4000 mabor:
291 3924 320 3998 si
331 3933 426 4018 juste
440 3949 635 4020 prosequar,
645 3950 706 4018 ero
723 3930 898 4014 proximus
912 3925 1102 4015 blandienti.
1146 3923 1225 3987 Imi-

625 4095 732 4147 NOTAE

164 4203 176 4228 ²
192 4196 234 4244 De
243 4195 376 4244 Thalassio
387 4193 445 4244 ride
456 4209 513 4260 qnae
525 4165 703 4244 annotavimus
715 4191 747 4240 ad
759 4191 920 4252 Parentalia,
931 4195 957 4238 et
970 4188 1001 4238 ad
1015 4185 1166 4251 Epicadion.

197 4274 284 4338 Delph.
292 4279 315 4324 et
325 4273 381 4323 Ver.
391 4275 456 4324 Cloe.
633 4271 723 4322 Aurea.
968 4271 1014 4333 J
1113 4267 1160 4316 ³1
