3016 4894
282 347 348 414 666
741 343 894 404 nosdrrn

284 504 445 582 visceris,
468 509 504 568 ot
517 500 617 578 nivei,
640 498 798 582 dulcique
812 491 984 560 tenerrima
998 511 1114 572 succo,

286 605 431 671 Miscent
444 619 632 686 aeqnoreum
646 599 738 665 tenui
754 597 823 661 sale
835 598 941 661 tincta
956 614 1121 678 saporem.
1329 593 1374 657 25

287 706 449 771 Proxima
463 704 531 768 sint
544 702 687 785 quaevis,
712 699 772 764 aed
787 699 884 780 longe
899 695 1053 780 proxime
1065 695 1171 759 multo

287 807 341 870 Ex
355 803 538 880 intervallo,
559 821 636 885 quae
651 799 897 864 Massiliensis:
919 802 1053 880 portum

288 905 376 982 Quae
392 904 510 970 Narbo
524 903 569 966 ad
585 900 720 965 Veneris
734 898 852 978 nutrit3
873 897 1030 980 cultuque
1045 894 1186 960 umentis

288 1002 554 1088 Hellespontiaci
570 1020 645 1084 quac
658 1000 805 1084 protegit
820 1015 933 1081 oequor
946 995 1077 1081 Abydic

289 1102 357 1168 Vel
371 1123 447 1188 quae
462 1102 602 1168 Baianis
616 1100 762 1185 pendent
773 1098 936 1164 fluitantia
949 1099 1048 1182 pilis:
1335 1097 1382 1164 30

290 1285 368 1334 cumis
385 1283 481 1348 pinguia
498 1289 522 1333 ct
535 1283 650 1358 madida,
660 1287 683 1332 et
693 1281 773 1332 mais
787 1281 860 1344 cuci,
875 1296 904 1330 uc
918 1281 1057 1342 ceum,
1069 1279 1300 1358 asperacssleagiuc
1313 1280 1383 1330 imi

290 1348 375 1397 num
391 1351 523 1424 ιὼιιεζιηι
532 1361 647 1396 munaum
654 1361 766 1422 soporata.
800 1347 838 1394 Eo
848 1351 973 1409 armatur
984 1361 1129 1410 quaerunque
1139 1349 1196 1423 uin,
1205 1348 1247 1422 sed
1256 1349 1383 1408 acomina-

290 1412 778 1538 terentesn
787 1411 1385 1548 style*

292 1539 407 1589 acuitur:
423 1543 465 1587 oet
484 1553 536 1602 pecc
548 1537 650 1603 fluitant
668 1538 794 1602 matio
810 1551 840 1586 cuc
857 1537 955 1586 nolebas
971 1539 1086 1588 Boinasa:
1103 1553 1155 1601 qcoe
1165 1539 1311 1588 mentones
1320 1549 1385 1584 saun

746 1663 927 1686 ‘mm

293 1758 346 1808 rid.
358 1755 471 1807 int-uo
486 1755 585 1808 Suadet
595 1757 691 1806 Tollius
708 1756 861 1820 legendnm:
877 1758 918 1806 scd
936 1757 1005 1817 loagc
1021 1755 1131 1820 pronius
1148 1755 1247 1806 ιιιῐιιιιι
1259 1753 1301 1802 Ex
1310 1753 1386 1803 aar·

293 1825 363 1882 eollo,
374 1829 403 1872 ut
413 1822 445 1871 ad
455 1820 519 1870 illud
529 1818 697 1883 virgilianum
709 1821 789 1882 magis
800 1821 909 1870 accedat
920 1820 1022 1871 AEneid.
1030 1834 1056 1870 v.
1068 1823 1076 1848 ‘
1086 1817 1299 1874 Proximnabulc,
1307 1817 1387 1880 longo

294 1887 340 1937 aad
357 1885 487 1950 proximus
507 1884 729 1937 intervallo.'-28
746 1885 860 1934 Cossutio
880 1885 958 1948 vulg.
980 1885 1033 1936 vid.
1053 1883 1165 1934 int-aa
1187 1883 1220 1932 In
1242 1881 1388 1944 exemplari

785 2009 906 2066 ΝΟἸἙΙ

328 2109 384 2160 'ab
395 2109 443 2160 Sed
456 2111 523 2170 longe
535 2107 645 2172 proximu
656 2109 727 2157 molto
735 2107 821 2156 Exin·
860 2107 927 2170 AEni,
936 2114 977 2158 ast
986 2123 1061 2172 aspra
1071 2115 1156 2159 ostrea
1167 2103 1388 2172 plurimaAbydi.’

296 2186 567 2248 cmundaxpreasum
584 2182 782 2246 aVirpilio,qnl
794 2190 822 2232 ct
860 2185 911 2234 Sed
932 2185 1059 2248 asperitas
1082 2185 1127 2235 illa
1147 2187 1270 2234 testarum
1293 2181 1389 2230 ostreis

296 2262 353 2325 ipse
364 2266 495 2309 mutuatus
505 2258 585 2308 inerit
595 2259 821 2311 aTullioinclaris
860 2260 910 2308 illis
921 2275 972 2309 non
989 2267 1028 2310 est
1045 2259 1194 2323 peculiaris,
1212 2269 1297 2318 usque
1316 2256 1389 2306 culto

298 2334 463 2397 Oratoribus,
484 2333 528 2382 ubi
548 2333 580 2382 ad
600 2333 707 2384 uerbum
727 2343 775 2398 est,
792 2343 821 2387 nt
861 2335 998 2398 laevigatnr
1019 2336 1105 2399 aliquo
1126 2331 1256 2399 quibusvis
1278 2330 1305 2380 in
1327 2331 1389 2380 oria'.

294 2412 349 2474 jani
372 2407 505 2458 annotavit
522 2406 683 2472 Morboffins,
699 2409 725 2458 lu
743 2410 821 2476 Poly·
861 2409 942 2460 Refer
961 2425 1023 2474 ergo
1046 2411 1188 2474 ‘cultuque
1207 2402 1335 2457 cerentis’
1355 2405 1389 2454 ad

296 2485 402 2534 lrlstore.
860 2485 983 2554 ‘Abydi,'
998 2494 1026 2536 et
1043 2489 1162 2550 intellige
1173 2483 1276 2543 inculti,
1287 2482 1388 2532 civibus

329 2563 362 2608 ti
379 2559 480 2607 Portare
499 2572 551 2620 puoe
568 2556 650 2606 Narbo
667 2559 698 2606 od
717 2557 823 2620 Veneria,
861 2575 952 2624 parum
977 2562 1142 2625 abnndantia,
1162 2566 1207 2609 aut
1228 2557 1341 2619 barbari,
1361 2563 1390 2606 et

296 2635 350 2700 da]
360 2633 404 2684 Sis
414 2633 516 2683 omnine
526 2633 672 2698 legendum.
679 2633 824 2698 Ἀφροδίσιον
861 2649 959 2687 suornm
971 2639 1119 2701 agrestium.

298 2711 325 2761 iu
335 2709 499 2760 Narbonensi
508 2710 626 2773 Pyrenaei
634 2717 718 2761 tractu
729 2725 823 2762 merno-
894 2715 927 2762 29
938 2711 1126 2777 Hellespontiaci
1138 2745 1145 2762 .
1155 2745 1162 2761 .
1173 2745 1179 2760 .
1191 2709 1282 2775 Abydi]
1291 2708 1323 2757 In
1332 2707 1390 2758 Pri·

299 2787 462 2838 rautStrcbo
480 2793 509 2836 et
521 2787 688 2838 Ptolemaeus.
722 2788 824 2838 Plinius
863 2786 934 2851 apsis
947 2787 980 2836 ed
989 2787 1130 2853 Priapum:
1147 2786 1235 2835 ‘llam
1254 2790 1281 2834 te
1298 2784 1390 2846 preci-

299 2863 434 2928 Pyrenrere
449 2863 560 2912 Veneria
570 2863 597 2912 in
611 2862 693 2912 latore
707 2877 825 2926 prunnon·
864 2861 949 2924 puetn
961 2863 1012 2911 suis
1024 2863 1131 2912 urbibus
1140 2861 1196 2910 brae
1205 2860 1319 2909 colitura
1327 2859 1391 2908 liel-

298 2938 538 2996 toriiareminitlib.
551 2951 594 2988 ιιι.
605 2943 695 3002 oapi.
714 2939 824 2989 Portum
864 2939 1105 3003 leupontla‚ceteris
1116 2936 1331 2990 ostreosiororis!
1350 2939 1391 2986 Ea

299 3014 408 3064 Venaria
419 3013 513 3063 ibidem
530 3015 600 3063 locat
610 3015 681 3062 Mela
691 3014 737 3065 lib.
748 3028 779 3064 11.
791 3014 825 3064 de
864 3015 908 3063 lile
923 3027 968 3064 ora
987 3017 1116 3080 Cyzicena
1133 3021 1208 3064 amnt
1222 3019 1317 3076 ostrea,
1331 3012 1391 3061 Mn·

301 3089 352 3139 altu
363 3089 433 3140 orbis
444 3101 501 3151 cap.
513 3093 537 3137 d.
548 3089 615 3151 quod
633 3094 674 3138 ast
689 3089 723 3138 de
739 3089 826 3138 Gellia
864 3089 936 3138 tiano
948 3104 1000 3153 pras
1012 3089 1233 3151 ceterisdaudata,
1249 3089 1317 3140 Plin.
1333 3089 1389 3138 loco

302 3162 482 3214 Narbonensi:
504 3161 600 3220 ‘Toou’
622 3161 715 3225 inquit,
741 3163 827 3212 ‘inter
866 3179 944 3227 snpra
954 3167 1025 3216 laud.
1036 3165 1070 3213 de
1081 3165 1183 3230 Abydo,
1193 3165 1284 3227 virgil.
1304 3163 1349 3213 lib.
1370 3179 1391 3214 1.

301 3237 423 3302 Pyrenei
434 3237 608 3298 promontoria
616 3238 827 3287 PortuaVeneris
867 3237 965 3302 Geurg.
986 3239 1112 3301 ‘Poutna,
1127 3245 1155 3288 ct
1172 3237 1287 3294 ostriferi
1303 3237 1390 3288 fauces

302 3315 407 3376 insignis
423 3311 494 3374 fano,
509 3313 667 3362 ethrvaria
678 3313 827 3370 incanduit
867 3318 1004 3364 tentantur
1022 3311 1127 3376 Abydi:
1158 3313 1226 3362 Vide
1242 3313 1324 3362 Notas
1336 3327 1393 3361 nos-

301 3389 414 3438 Gallia:
443 3388 551 3436 Portum
567 3388 637 3436 illum
649 3389 825 3438 VeneriaOli-
864 3393 919 3438 tras
940 3391 974 3440 ad
987 3387 1138 3452 Apuleiana
1156 3387 1289 3452 Apologia
1307 3389 1391 3438 locum

302 3465 388 3513 vanus
410 3464 607 3528 interpretatur,
625 3467 676 3530 Cup
693 3469 723 3516 dc
744 3469 824 3519 Graan.
865 3463 1095 3526 supralaudatum.

304 3540 340 3588 Et
354 3537 502 3588 Cervarium
523 3539 655 3589 Colioaarcc
682 3540 825 3590 Massilien-
896 3536 1393 3602 ³⁰BaionfflupraEpistvrn‘oelrea

304 3613 369 3662 aium
381 3619 496 3677 porroet
512 3613 717 3664 Narbonensiunr
729 3622 825 3667 ostreo·
864 3615 971 3666 Baianis
982 3617 1127 3667 renuntia!
1140 3617 1232 3668 Horat.
1240 3617 1283 3666 lib.
1294 3631 1327 3668 11.
1337 3618 1391 3670 Sat.

305 3703 361 3740 naar
371 3703 421 3738 non
431 3687 494 3738 alibi
506 3689 611 3740 mentio.
868 3705 910 3740 iv.
922 3689 1040 3739 ‘Murice
1058 3691 1156 3740 Baiano
1174 3693 1265 3740 melior
1281 3693 1392 3745 Lucrina

335 3767 369 3814 28
398 3765 513 3828 Cauoque
539 3764 653 3827 carentis]
679 3764 723 3815 Sic
750 3767 827 3831 malo,
868 3763 980 3814 Peioris.
1028 3765 1123 3815 Ostrea
1148 3765 1263 3828 Circaeis,
1291 3767 1392 3816 Miseno

306 3853 382 3902 qaam
402 3839 515 3888 muiu-
556 3838 625 3889 Quid
646 3840 714 3889 enirn
740 3855 827 3905 quaeso
869 3840 1157 3902 oriuntnrecblni‚'&c.
1190 3841 1392 3891 Baiaeurbsma·

302 3915 357 3964 sint
368 3919 455 3965 ostrea
469 3914 539 3963 cultu
551 3915 683 3964 carentia?
699 3915 829 3979 Abydena
870 3915 955 3965 ritima
965 3915 1212 3978 Campanlae,uotior
1221 3931 1295 3980 qnam
1304 3918 1393 3980 utplu-

305 3989 408 4054 quidem
431 3995 516 4038 ostrea
536 4003 627 4052 aspera
656 3999 779 4040 vocantur
802 3993 829 4041 in
869 3989 942 4039 rade
953 4003 984 4038 ea
995 3990 1115 4040 addenda
1124 3991 1186 4041 sint.

305 4064 422 4114 vasibus
442 4065 519 4114 Ennii
547 4065 580 4114 ab
602 4065 713 4129 Apuleio
739 4075 830 4117 nostro
901 4064 975 4127 Pilia]
995 4065 1109 4130 Scaliger
1129 4067 1226 4116 mavult
1244 4064 1301 4128 pilia
1318 4080 1391 4130 qnam

306 4140 419 4191 laudatis
437 4140 463 4190 in
485 4140 626 4205 Apologia:
650 4141 755 4192 ‘Mursa
770 4149 830 4192 sunt
869 4141 938 4204 pulis,
964 4142 1013 4190 boo
1041 4141 1133 4192 ductor
1159 4141 1261 4206 Virgilii
1289 4156 1389 4194 verra:
