3016 4894
273 327 340 394 64⁰
747 336 901 388 nusouu

277 485 403 568 Magna
417 483 528 566 quatit
541 481 695 545 stellans:
718 499 819 563 qnam
834 499 969 545 servans
984 499 1077 546 serus
1089 482 1125 547 in
1138 480 1210 547 alte

278 587 443 652 Conditor
456 583 582 648 Oceuni
595 583 671 665 ripa
685 601 764 648 conr
776 583 850 647 luce
865 584 1005 648 Bootes.
1324 583 1372 646 2⁰

277 751 350 801 stellis
359 749 487 798 diameter
502 759 571 808 ‹ptear
585 745 717 794 caenum
732 745 821 794 Bootes
836 746 954 808 mergitur
971 747 1038 794 tarde
1054 745 1081 794 in
1099 759 1188 794 numa
1204 747 1258 810 ripn
1270 747 1374 810 Oceani,

276 830 344 879 pene
352 827 447 862 serm
454 811 531 860 iernen
540 823 617 858 uun.

770 905 881 956 NOTAE

280 987 467 1056 quodammodo
484 985 601 1036 involvit.
633 985 701 1035 Vide
720 985 804 1050 Hygi·
845 985 982 1048 bubulcus,
993 985 1100 1048 plaustri
1110 985 1191 1036 boren
1202 1001 1291 1049 egens.

280 1081 350 1117 num.
878 1062 909 1110 In
919 1061 981 1124 nite]
998 1062 1074 1112 Vetti
1082 1076 1190 1124 summe,
1200 1062 1248 1110 boc
1267 1066 1317 1123 est,
1327 1075 1375 1110 ex·

312 1145 344 1190 le
360 1139 446 1189 mum
461 1135 560 1200 septem]
576 1135 792 1198 Septemtriones.
846 1139 917 1202 time,
934 1154 985 1188 non
1001 1146 1087 1189 antem
1105 1137 1241 1203 profunde.
1273 1137 1376 1188 Parum

312 1222 344 1266 19
361 1214 465 1276 Magno]
482 1211 660 1276 supplendum
680 1227 736 1261 ursa
748 1227 806 1276 pro·
845 1215 914 1263 enim
924 1214 1049 1279 mergitur
1066 1215 1173 1275 Bootes,
1186 1213 1301 1262 nobrevi
1313 1221 1377 1276 post

282 1289 412 1342 cuidobio.
446 1288 512 1337 Haec
522 1285 606 1348 iacta,
619 1287 710 1347 idest,
722 1288 806 1350 plens·
846 1290 968 1352 emergit.

281 1364 446 1422 trum,etism
455 1362 526 1412 dicte
534 1367 582 1424 est,
589 1369 617 1411 et
626 1363 806 1426 artophylax,
878 1369 910 1414 2⁰
929 1366 989 1414 curn
999 1364 1060 1428 luce]
1071 1364 1247 1427 Intelligere
1256 1370 1285 1413 ut
1295 1363 1379 1416 cunm

282 1455 327 1490 seu
343 1446 431 1490 eustos
448 1453 531 1500 ursan
550 1439 628 1488 etiem
646 1440 744 1490 Bootes
761 1453 807 1489 sen
847 1439 947 1488 conditi
957 1441 1000 1490 lux
1011 1439 1095 1490 edbuc
1106 1441 1191 1504 alique
1202 1447 1337 1503 apparent.

391 1661 415 1708 n
440 1658 634 1708 sonsmrro
659 1657 699 1704 ru
724 1655 1001 1718 mournoorrun
1027 1657 1154 1706 namo.
1204 1639 1269 1704 384

224 1837 230 1848 ,
284 1765 358 1828 Son
374 1761 543 1845 profectus
558 1781 580 1825 a
594 1765 712 1841 teporo
727 1759 816 1821 veris
832 1760 1046 1840 aequinoctio,

284 1864 370 1927 Post
385 1861 557 1926 semidiem
570 1867 713 1943 postque
727 1863 817 1924 totos
831 1861 1016 1941 nonaginta
1028 1867 1062 1924 et
1076 1867 1231 1944 quatuor,

285 1963 437 2029 Fervidis
452 1961 593 2044 flagrans
607 1961 745 2026 habenis
760 1961 894 2044 pulsum
908 1963 1062 2026 aestivum
1077 1961 1227 2027 conficit.

285 2064 368 2127 Inde
384 2063 575 2127 Autumnus
589 2064 699 2127 noctis
714 2062 817 2126 hores
825 2063 949 2126 librans
964 2083 1063 2146 ecquo
1076 2061 1208 2139 lumine,

287 2163 374 2230 Octo
387 2169 420 2228 et
435 2163 606 2244 octoginta
618 2164 731 2245 goeris,
743 2168 776 2226 et
789 2181 889 2244 super
904 2161 1049 2226 trihorio.
1357 2161 1381 2223 5

458 2280 480 2322 r
566 2277 586 2318 s
671 2277 692 2317 e
777 2277 798 2319 e
883 2280 906 2322 r

287 2365 372 2430 Inde
384 2364 537 2432 floridum
552 2363 687 2428 reflexis
700 2383 757 2428 ver
772 2364 887 2428 revisit
901 2365 1000 2442 oreis,

290 2464 429 2528 Additis
444 2465 487 2527 ud
501 2466 562 2528 hos
576 2466 703 2547 priores
718 2485 829 2547 goeros
844 2465 985 2548 geminis
1001 2466 1146 2529 orbibus.

323 2629 366 2678 Sei
374 2630 500 2691 moenam
510 2644 526 2677 n
537 2630 615 2690 tepido
625 2629 761 2692 mironio
778 2632 850 2690 reru,
861 2631 968 2694 quotiens
978 2632 1028 2678 lorn
1046 2629 1164 2687 ardentio,
1179 2627 1275 2690 peregit
1289 2642 1385 2676 cursum

292 2693 384 2742 resiniis
391 2698 445 2755 posi
460 2693 545 2740 nudos
559 2694 609 2740 dier
625 2695 753 2755 nonaginta
763 2700 862 2758 anaim
881 2699 905 2744 ei
915 2695 977 2743 diem
987 2693 1119 2742 dimidium.
1151 2694 1239 2742 Postea
1249 2692 1387 2740 Autumnus

290 2771 426 2805 mensurans
436 2756 559 2819 equaliter
569 2758 672 2818 epatium
682 2758 758 2806 nonis
775 2765 798 2806 et
810 2758 859 2808 diei
890 2758 967 2818 eregit
982 2773 1074 2805 cursum
1091 2771 1159 2805 unm
1169 2758 1288 2816 onoginto
1298 2761 1321 2803 et
1333 2761 1386 2804 octo

289 2820 428 2868 circuitibus
440 2827 463 2868 et
479 2820 556 2869 tribur
571 2821 634 2868 boris
644 2821 748 2884 insuper.
766 2821 781 2850 ¹
794 2821 809 2850 ⁹
826 2821 841 2850 ¹
885 2827 949 2870 osteo
959 2835 1000 2869 rer
1010 2821 1102 2884 florens
1118 2821 1181 2870 redii
1198 2821 1229 2868 ari
1244 2835 1286 2868 nos
1297 2819 1387 2878 frenis

290 2884 397 2949 reflexis,
408 2884 507 2946 adiectis
516 2884 604 2934 aurbus
614 2884 751 2934 circuitibus
760 2887 792 2934 ud
802 2885 915 2934 cirueitus
922 2886 1061 2948 superiores.

750 3017 925 3039 ”oenomao

313 3102 337 3146 ιι
354 3098 378 3146 Δ
396 3103 474 3160 teporo
484 3097 608 3159 νοω-3
626 3099 794 3148 ‘Gronovius
813 3101 957 3164 reponebat
976 3115 1084 3150 curnem:
1101 3099 1148 3150 sed
1161 3101 1216 3164 jem
1238 3113 1316 3162 supra
1335 3099 1386 3148 hoc

226 3181 228 3186 ’
271 3175 274 3180 ’
292 3162 382 3210 eodem
393 3175 468 3210 sensu
479 3162 613 3223 usurparit
625 3164 726 3224 pulsum,
741 3170 771 3213 ut
789 3164 1000 3215 observavimus:
1015 3165 1134 3216 Floridae.
1167 3163 1259 3217 ‘Quid
1277 3171 1318 3213 est
1332 3165 1388 3227 put-

291 3239 341 3274 eum
351 3221 480 3288 conficere?
513 3225 584 3287 Lege
595 3239 688 3274 mesum
697 3227 757 3276 oert’
772 3228 949 3279 Graevius-t
966 3229 1072 3293 Refleeit
1081 3230 1159 3292 vulg.

785 3369 896 3420 NOTIE

324 3467 338 3510 ⁵
357 3462 448 3525 Goeris]
469 3463 556 3527 (syris.
568 3462 645 3514 sicin
657 3465 757 3529 Gripbo
769 3480 820 3516 coe·
862 3469 901 3517 ori
912 3468 1070 3530 inseruntur,
1081 3470 1129 3518 &e
1147 3467 1243 3517 Certus
1254 3479 1301 3530 pro
1312 3481 1341 3517 se
1352 3469 1388 3517 ad

293 3536 341 3586 bus
350 3549 397 3600 pro
406 3537 496 3586 cubus.
511 3538 555 3587 Sic
566 3553 659 3588 moerus
667 3555 715 3604 pro
722 3555 819 3592 murus.
860 3545 995 3608 populum,
1006 3545 1147 3607 Equueque
1157 3543 1219 3592 mibi
1228 3543 1275 3592 sub
1285 3541 1389 3591 femini-

293 3611 337 3659 Sic
357 3612 428 3673 apud
446 3613 595 3663 Lucretium
612 3613 687 3664 ‘fera
707 3631 820 3666 monera
861 3619 1020 3669 busoccisns
1036 3627 1109 3670 eret:
1128 3618 1211 3668 Oreas
1229 3618 1387 3668 detruhoio-

292 3685 412 3748 militiae‚'
430 3701 478 3750 pro
494 3701 607 3738 monere.
640 3691 700 3740 Fuit
710 3693 765 3740 brec
776 3706 819 3741 re·
860 3697 999 3758 spectante
1010 3695 1089 3743 Lucio
1101 3693 1240 3744 Stertinio!

294 3766 379 3810 terum
397 3761 555 3824 quorundam
575 3764 736 3814 librariorum
758 3765 819 3814 seri·
891 3775 907 3819 8
924 3769 964 3819 Ari
984 3770 1027 3818 bos
1041 3769 1134 3832 priores
1150 3768 1241 3831 geres]
1256 3767 1299 3818 Ad
1310 3781 1388 3832 gyros

293 3835 457 3886 bendirntio.
859 3858 935 3909 quos,
953 3845 980 3892 in
1002 3857 1078 3893 versu
1097 3845 1141 3908 qui
1156 3843 1329 3904 desideretur,
1340 3842 1388 3907 hy·

325 3911 418 3960 tinae
444 3911 568 3976 standene,
590 3916 641 3978 irc]
664 3914 819 3964 Precedere
861 3921 914 3968 emi
933 3920 1060 3969 tribuerat
1083 3933 1190 3968 numero
1216 3917 1259 3984 (ot
1284 3919 1387 3968 ratione

294 3985 385 4113 ὀεὺιιὲῑ
401 4002 489 4036 versas
508 3988 540 4037 de
556 3989 658 4052 hyeme,
669 3989 715 4038 sed
729 3990 771 4038 bic
782 3991 820 4039 in·
860 3994 925 4043 initu
949 3993 1035 4058 patet)
1055 3995 1193 4059 nonaginta
1210 4007 1268 4044 curn
1287 3994 1388 4060 aliquot

294 4065 360 4113 terei
380 4066 409 4114 it.
859 4068 938 4116 boris.

329 4140 410 4202 Oreie]
420 4142 512 4191 Festus
525 4157 531 4190 :
545 4139 648 4203 ‘Oreae,
659 4139 819 4204 freni,quod
