3034 4878
296 375 362 444 878
613 391 858 442 urvnasouuu
884 389 1071 442 errsronn

609 653 650 702 11.
671 652 837 702 AUSONIO
861 653 1067 704 PAULINUS.

297 773 552 839 Courruurra
567 789 651 834 meae
666 769 784 834 durare
799 768 931 838 silentia
943 769 1078 852 liuguae,

294 875 347 940 Tc
360 891 527 957 nunquam
537 871 640 935 tacito
653 889 836 950 memoras3
858 871 1085 955 placitamque
1099 870 1237 936 latebris

297 972 473 1041 Desidiam
487 973 693 1054 exprobras;
714 970 936 1055 neglectaeque
948 973 1089 1055 insuper
1103 971 1203 1036 addis

294 1076 426 1140 crimen
439 1073 618 1152 amicitiae3
639 1069 917 1156 formidatamque
926 1072 1075 1156 jugalem

296 1174 440 1260 Objlcis,
455 1180 489 1240 et
501 1175 619 1239 durum
629 1169 720 1254 jacis
732 1173 770 1236 in
784 1191 858 1236 mea
873 1173 1002 1240 viscera
1015 1191 1157 1252 vorsum.
1366 1176 1394 1238 5

294 1278 417 1356 Parce,
430 1294 562 1359 precor,
577 1273 722 1338 lacerare
736 1278 842 1351 tuum,
855 1294 917 1338 uec
931 1294 1044 1341 amaru
1057 1273 1206 1360 paternis

294 1377 491 1445 Admiscerc
504 1374 603 1452 velis,
618 1391 681 1453 ceu
694 1373 786 1437 melli
801 1374 977 1453 absinthia,
993 1377 1117 1441 verbis.

294 1480 386 1546 Cura
400 1477 481 1543 milri
495 1492 628 1558 semper
638 1473 714 1551 luit,
728 1471 763 1536 e't
776 1479 897 1553 manet,
913 1473 1032 1540 officiis
1047 1485 1080 1541 te

295 1581 459 1647 Omnibus
473 1578 637 1654 excolere,
649 1574 772 1640 affectu
786 1576 969 1642 observare
982 1577 1087 1644 fideli.

294 1684 374 1751 Non
389 1699 534 1766 unquam
549 1679 638 1744 tenui
651 1677 768 1741 saltem
779 1681 839 1741 tua
852 1679 958 1760 gratia
972 1698 1070 1744 naevo

293 1782 544 1850 Commaculatu
558 1779 641 1844 mihi
655 1783 726 1858 est,
741 1780 819 1864 ipso
835 1784 869 1844 te
882 1780 1007 1845 laedere
1022 1781 1127 1860 vultu,

293 1887 434 1970 Semper
448 1890 483 1948 et
496 1884 631 1948 incauta
644 1881 740 1945 timui
755 1881 884 1946 violare
899 1881 1014 1965 ligura.

293 1988 443 2071 Cumque
456 1990 518 2050 tna
530 1983 666 2048 accessi
680 2000 853 2061 venerans,
866 2002 942 2048 mea
955 1985 1087 2050 cautius
1100 2003 1161 2050 ora

292 2085 491 2172 Composui,
504 2089 537 2148 et
549 2084 629 2150 laetc
643 2082 780 2148 formavi
794 2084 920 2149 lumine
933 2083 1095 2165 frontem3

293 2192 349 2258 Ne
364 2208 432 2274 qua
443 2185 495 2253 vel
509 2205 532 2251 a
544 2185 650 2250 tacito
664 2190 869 2251 contractam
884 2191 1022 2272 pectore
1035 2189 1157 2253 nubem

285 2276 441 2360 ‘Duceret
455 2289 488 2354 iu
503 2293 653 2352 sanctum
666 2286 818 2370 suspicio
832 2288 919 2353 falsa
933 2295 1115 2372 parentem.

292 2395 373 2460 Hoc
387 2409 461 2456 mea
477 2394 509 2454 te
523 2389 643 2455 domus
657 2388 816 2472 exemplo
831 2389 1001 2472 coluitque
1015 2391 1170 2474 colitque,
1254 2467 1259 2479 ι

292 2495 398 2577 Inque
409 2498 469 2555 tuo
484 2495 596 2555 tantus
609 2491 709 2554 nobis
726 2510 908 2556 consensus
923 2503 1033 2556 amore
1047 2497 1112 2570 est,

291 2595 444 2677 Quantus
456 2594 490 2655 et
503 2591 537 2654 iu
552 2590 685 2655 Christo
699 2609 854 2654 connexa
868 2598 979 2656 mente
994 2592 1146 2658 colendo.

334 2694 422 2776 Quis
437 2697 506 2769 tua,
520 2709 647 2774 quaesc,
662 2692 730 2755 tuis
745 2690 888 2756 obduxit
899 2697 1037 2775 pectora
1051 2694 1158 2758 livorl

291 2798 370 2879 Quo
384 2813 514 2860 rumore
528 2791 605 2877 pias
617 2791 726 2858 facilis
742 2792 804 2858 tibi
818 2792 910 2857 fama
923 2812 986 2876 per
1000 2813 1100 2859 aures

290 2899 429 2984 Irrupit,
443 2893 636 2979 pepulitque
650 2893 805 2971 animum,
819 2899 997 2977 contraque
1011 2899 1177 2960 vetustam

290 3003 441 3084 Experto
454 2996 577 3080 pietate
593 2994 693 3059 fidem
707 3015 796 3060 nova
809 2995 946 3059 vulnera
960 2997 1081 3074 movit,

289 3100 444 3170 Lederet
458 3100 495 3161 ut
506 3096 593 3160 natis
604 3095 773 3178 placidum
786 3094 980 3160 malesuada
994 3097 1187 3178 parenteml

334 3201 402 3266 Sed
417 3196 498 3262 mihi
512 3217 579 3262 uon
591 3196 680 3262 lictae
695 3213 788 3261 mens
802 3197 942 3262 conscia
956 3197 1199 3280 simplicitatis

290 3301 366 3368 Nec
381 3301 487 3386 patris
500 3299 618 3364 inculti
631 3299 743 3381 pietas
756 3317 827 3376 reu,
840 3299 968 3383 respuit
983 3317 1080 3364 omne

289 3401 510 3482 Immeritum‚
522 3404 556 3463 et
567 3398 655 3463 falso
668 3398 848 3484 perstringi
863 3400 997 3464 crimine
1010 3419 1076 3464 non
1088 3399 1174 3482 sert;

288 3500 454 3566 Immonis
469 3517 560 3576 vero,
575 3501 712 3581 gravius
727 3500 875 3564 violatus
889 3499 1005 3583 iniquo

289 3600 447 3679 Vulnere,
461 3607 530 3665 tam
544 3605 658 3662 tenera
672 3600 819 3676 offense,
834 3619 934 3684 quam
948 3601 1054 3666 libera
1070 3600 1195 3682 culpae.

331 3701 545 3768 Diseussisse
556 3699 676 3784 jugum
691 3702 838 3784 quereris
852 3721 917 3780 me,
930 3722 997 3787 quo
1012 3703 1075 3770 tibi
1090 3703 1204 3768 doctis
1333 3700 1378 3765 30

778 3867 888 3918 NOTAE

320 3964 426 4029 Scripta
457 3964 515 4015 lnuc
546 3964 665 4028 Epistola
701 3969 813 4014 exeunte
852 3961 956 4013 sissimo
967 3961 1073 4012 Editore
1083 3961 1265 4027 conscriptam.

288 4054 355 4092 auno
373 4044 430 4090 80³.
460 4037 732 4106 Siquidem'l’nuliuus
753 4039 814 4088 anui
885 4042 917 4088 19
934 4037 1005 4088 Editi
1016 4037 1129 4103 quinque
1147 4053 1204 4087 curu
1216 4038 1268 4088 Mt.
1283 4035 1384 4088 Codice
1503 4045 1504 4068 ¹

287 4114 419 4179 sequentis
438 4128 516 4165 verno
533 4120 651 4178 ternpore
673 4114 766 4164 Nolam
785 4128 813 4164 se
853 4114 936 4178 Lugd.
954 4115 984 4165 la
995 4115 1118 4166 Christum
1132 4129 1237 4166 corum
1252 4118 1329 4166 mente
1345 4129 1384 4164 so·

288 4189 397 4252 recepit.
428 4189 715 4244 murmetuiustttum
733 4204 750 4239 a
769 4201 813 4238 uo·
853 4190 952 4242 undam.
