3016 4894
287 352 351 418 676
753 367 909 416 susoun

376 509 463 575 Vale
478 510 585 575 beatis
598 527 717 575 nomen
731 528 754 575 a
768 511 866 575 Divis
879 510 1010 575 Theon.

374 608 531 676 Metoche
545 609 603 676 sed
616 610 685 676 ists
699 629 792 694 saepe
806 618 985 676 currentem
998 608 1131 675 indicat.

287 841 362 905 ,cm
388 807 404 841 a
423 791 484 842 Diis
497 791 617 853 felicitas.
650 794 685 843 st
706 793 771 844 istud
783 794 945 859 participium,
964 792 1030 858 tter,
1049 809 1111 858 sape
1130 793 1249 860 signifieat
1264 807 1316 844 ean
1336 793 1379 857 qut

775 961 883 1012 NOTAE

320 1062 337 1107 6
353 1057 446 1107 Nosses
459 1072 474 1106 a
487 1056 561 1106 Diris
573 1055 661 1120 diem]
680 1057 729 1106 Est
744 1056 812 1107 enim
852 1073 910 1122 qum
921 1057 953 1108 ad
965 1057 1119 1108 sententiam
1130 1069 1201 1106 susm
1215 1053 1377 1119 probandam

288 1131 440 1184 mensus.
850 1132 937 1184 affert.
970 1133 1092 1184 Meteone
1101 1129 1192 1194 μετοχὴ
1209 1129 1377 1194 participium

318 1208 509 1258 ⁷Metariesed
518 1205 811 1268 inremissionem
850 1215 930 1258 ronst.
964 1209 1000 1257 Et
1020 1220 1109 1257 revera
1126 1206 1218 1255 Theon
1239 1201 1297 1254 tter
1316 1220 1375 1255 cur·

287 1284 400 1335 Annius
411 1283 535 1334 restituit.
567 1283 603 1331 Et
614 1283 651 1331 sic
661 1282 763 1334 omnino
774 1282 810 1330 ie·
849 1297 909 1332 reus
920 1283 1083 1346 participium
1095 1288 1136 1330 est
1151 1281 1288 1346 presentis
1308 1288 1375 1331 tem·

287 1360 409 1423 gendum,
439 1371 490 1408 uon
524 1357 657 1420 Methodici,
690 1364 719 1406 ut
753 1358 810 1407 ruit
850 1359 917 1422 poris
930 1355 1149 1408 vertistecurro.

285 1436 413 1500 Scaliger.
446 1435 529 1484 Nimis
548 1436 624 1498 louge
644 1434 728 1498 petita
749 1440 809 1483 sunt

288 1709 353 1757 vn.
387 1709 579 1759 Ausonios
614 1710 771 1772 annoni,
808 1709 885 1757 oon
925 1709 961 1757 nr
995 1707 1180 1757 asisinus
1213 1709 1373 1769 assant,

369 1810 542 1860 unsunrs
566 1810 726 1872 oniensi,
749 1809 819 1858 snn
841 1809 919 1857 usn
943 1809 1067 1858 nanos
1092 1809 1272 1858 ursissnr.
1303 1793 1372 1859 396

326 1956 654 2033 Exssorsvnnsn,
687 1960 725 2019 ut
749 1955 947 2020 rescriberes
976 1955 1020 2019 ud
1049 1974 1101 2032 ea,
1139 1975 1214 2038 quae
1243 1955 1372 2020 dudum

197 2085 202 2092 ·
278 2056 475 2139 joculariter
487 2059 647 2123 luseram·
659 2057 701 2120 de
716 2057 905 2120 cessatione
920 2061 980 2122 tua
996 2057 1095 2121 valde
1109 2057 1224 2140 impia,
1246 2062 1278 2121 ct
1292 2077 1371 2138 mea

282 2154 527 2238 efflagitatione,
539 2159 636 2241 cujus
651 2156 699 2222 rei
714 2165 831 2220 munus
844 2158 1053 2240 reciprocum
1063 2154 1077 2194 '²
1089 2157 1247 2240 quoniam
1261 2157 1297 2222 in
1315 2178 1370 2222 me

281 2256 419 2322 colendo
433 2257 603 2335 fastidisti,
615 2259 748 2322 inventa
761 2257 846 2321 inter
860 2258 966 2322 tineas
982 2258 1129 2341 epistola
1142 2257 1257 2336 veteri,
1268 2279 1371 2341 quam

281 2355 324 2418 de
349 2357 466 2420 ostreis
487 2362 521 2421 ct
545 2357 707 2420 musculis
732 2355 884 2422 affectata
906 2359 1108 2422 obscuritate
1134 2358 1369 2440 condideram

280 2473 357 2535 qnae
385 2456 581 2520 adolescens
604 2463 724 2521 temere
749 2456 920 2536 fuderam,e
937 2459 1011 2542 jem
1033 2461 1143 2523 senior
1163 2461 1367 2525 retractavi.¹

280 2555 347 2618 Sed
369 2557 404 2618 in
423 2557 561 2621 eundem
585 2559 719 2622 modum
734 2559 917 2624 instaurata
940 2567 994 2623 est
1019 2559 1155 2624 satirica
1174 2566 1207 2624 et
1222 2545 1369 2624 ridicula

281 2657 508 2721 concinnatio:
532 2659 650 2723 saltem
666 2668 705 2722 ut
723 2660 1029 2744 nuncrespondeas
1043 2660 1245 2725 notissimae²
1262 2662 1367 2727 cunti·

280 2757 389 2834 lenes,d
411 2759 469 2841 qui
489 2759 581 2822 illem
594 2760 771 2824 novitiam⁸
785 2761 919 2825 silentio
935 2760 1172 2825 condemnasti.

312 2909 504 2971 Expectandum,
513 2915 540 2959 stt
548 2912 695 2976 responderes
702 2925 744 2972 per
753 2910 883 2974 Epictetum
890 2911 920 2959 ad
928 2911 978 2972 itta,
986 2924 1039 2972 qaoe
1047 2908 1170 2972 pariorum
1178 2913 1202 2958 et
1210 2909 1283 2957 lusura
1292 2909 1367 2974 scrip·

277 2985 354 3020 seram
364 2974 393 3020 de
403 2979 518 3022 moratura
528 2976 651 3023 admodum
666 2974 800 3039 inofficiosa,
811 2980 834 3023 et
844 2977 873 3023 de
881 2975 959 3023 stadio
969 2990 1012 3036 qao
1022 2978 1045 3021 te
1055 2972 1169 3036 petebam,
1178 2988 1224 3035 qua
1234 2974 1260 3020 r'a
1276 2987 1302 3021 re
1310 2977 1367 3036 qaia

276 3035 386 3095 sprevisti
395 3050 431 3084 me
441 3037 642 3101 adamareofficio
651 3043 739 3100 matur,
750 3052 802 3086 ears
809 3040 944 3100 reperissem
953 3037 1017 3086 iuter
1027 3038 1103 3086 tineas
1114 3041 1214 3085 retatus
1224 3037 1367 3098 Epistoiam,

275 3112 344 3158 qaam
358 3112 525 3160 composueram
535 3101 565 3148 de
583 3101 667 3148 ostreis
677 3106 700 3148 et
710 3101 821 3149 musculis
838 3105 932 3164 captata
947 3103 976 3149 de
990 3100 1107 3149 industria
1123 3100 1272 3158 obscuritate,
1291 3103 1366 3162 retegi

270 3161 324 3218 jam
332 3175 402 3209 senex
412 3175 463 3223 qaoe
473 3165 594 3210 enimam
599 3178 683 3237 parum
691 3169 807 3238 accurate,
814 3165 870 3238 dum
878 3164 1056 3240 essemiaueris.
1093 3164 1177 3213 Vena
1187 3163 1287 3226 repetita
1304 3170 1339 3238 αρτ
1348 3181 1364 3213 a

276 3237 312 3269 ase
328 3224 406 3272 eadm
416 3223 497 3282 forma
517 3227 614 3274 mordax
630 3226 682 3286 tua,
700 3231 724 3274 et
733 3229 848 3285 pacatam
867 3233 1007 3290 composttro,
1025 3232 1052 3276 ut
1069 3242 1130 3275 surr
1148 3228 1233 3275 saitem
1250 3227 1366 3276 rescribas

275 3287 453 3395 :mammas
474 3288 518 3337 etti
536 3288 590 3348 jam
609 3289 765 3351 astumatum,
787 3295 814 3340 ta
837 3291 878 3353 qai
902 3292 1019 3340 damnasti
1042 3291 1135 3341 silentio
1156 3289 1223 3339 ittam
1241 3290 1286 3338 tttt
1308 3297 1364 3340 turc

307 3524 320 3568 1
334 3521 445 3586 conjicit
452 3523 550 3574 Tettius
560 3542 567 3574 :
578 3541 630 3590 qua
640 3542 663 3576 a.
674 3531 694 3580 t.
704 3527 898 3592 effitderam,jarr
907 3528 1051 3578 materteris
1061 3528 1245 3578 retractavi-2
1260 3528 1363 3578 Vetusta

762 3653 871 3703 NOTAE

304 3743 392 3798 ‘Qasr
416 3745 502 3795 dadam
521 3747 662 3806 joculariter
687 3750 795 3808 luseram,
867 3749 1117 3814 ei'ersteresaderuru]
1132 3749 1254 3800 Fortasse
1273 3749 1363 3814 effude-

268 3816 322 3879 ro]
338 3818 421 3880 Supra
431 3819 514 3882 Epist.
526 3835 553 3871 v.
572 3821 615 3870 ubi
625 3829 678 3870 tres
694 3837 794 3871 cieuses
834 3840 895 3876 ram.

270 3891 362 3952 quibus
374 3907 388 3940 s
399 3907 426 3942 se
443 3891 530 3944 Theon
547 3896 622 3945 abest
639 3897 695 3945 aiiis
716 3903 793 3959 utque
865 3899 1027 3951 ‘Notissima
1037 3902 1171 3965 cartilm]
1189 3903 1289 3968 Utpote
1301 3921 1359 3969 quse

271 3966 327 4014 aitis
339 3967 418 4016 modis
429 3969 547 4032 nugando
559 3969 777 4033 circumloquitur.
828 3975 885 4036 jam
894 3977 1036 4026 secundum
1049 3979 1073 4026 ei
1082 3978 1259 4028 occinebatnr.
1293 3980 1359 4031 Gro-

302 4039 314 4071 δ
329 4042 793 4108 MurasreeipraeumJRescripiiouem
833 4049 921 4098 novius
933 4052 1088 4114 conjiciebat
1096 4058 1202 4103 vetusta.
1235 4055 1286 4104 Sed
1297 4056 1360 4105 nihil

271 4113 303 4161 sd
316 4115 467 4177 Epistoiam.
833 4129 933 4173 mutare
945 4139 1050 4174 necesse
1059 4135 1108 4175 est.
