3000 4882
576 363 773 414 lll’lS'l'OllAE.

118 509 193 575 Nos
208 509 405 575 documenta
421 509 528 591 magis
544 508 672 573 salicia:
694 505 808 591 qualia
821 525 959 589 magnus

118 613 248 696 Scipio,
262 611 473 694 longaevique
489 609 584 674 dedit
600 611 765 692 sapientia
779 608 874 674 Laeli.

118 712 194 778 Nos
208 712 329 777 studiis
344 710 528 793 animisque
543 710 669 788 iisdem,
682 713 843 776 miracula
858 711 1002 774 cunctis:

117 813 197 878 Hoc
212 812 348 895 majora,
363 829 463 893 pares
476 808 600 874 suimus
615 812 707 894 qnod
723 811 858 895 dispare
873 812 907 875 in
922 830 1010 877 aevo.

118 913 233 996 Ocyus
247 913 306 976 illa
323 913 399 996 jugi
414 911 527 975 sutelis
542 911 670 976 solvere
684 913 757 976 lora

117 1015 281 1082 Pellaeum
295 1004 446 1099 potuisse
462 1013 580 1077 ducem
595 1032 680 1090 reor,
694 1013 810 1078 abdita
820 1014 948 1096 opertis

117 1116 306 1201 Principiis,
326 1124 363 1181 ct
376 1123 519 1198 utroque
535 1120 636 1198 caput
650 1115 794 1180 celantia
808 1115 910 1181 nodo.

117 1217 254 1282 Grande
270 1215 405 1300 aliquod
421 1217 559 1281 verbnm
571 1217 724 1280 nimirum
739 1216 897 1295 diximus,
912 1223 950 1282 nt
962 1229 1000 1280 se

117 1319 257 1384 Inferret
270 1317 384 1383 nimiis
399 1315 522 1382 vindex
537 1315 747 1382 Rhamnusia
757 1319 865 1398 votis3

30 1467 43 1496 ,-
116 1419 295 1485 Arsacidae
311 1427 349 1484 ut
361 1419 530 1502 quondam
545 1420 633 1501 regis
647 1438 713 1484 non
726 1420 807 1486 laeta
822 1418 997 1504 triumphis

117 1521 270 1588 Grandia
285 1522 386 1585 uerba
400 1539 557 1604 premens
572 1521 673 1586 ultrix
686 1521 763 1586 Dea
778 1521 915 1587 Medica
928 1521 1009 1587 belli

117 1738 211 1789 Damon
231 1740 315 1789 sistam
334 1753 360 1788 se
379 1739 513 1789 sndimoaio
531 1740 652 1802 murum.
689 1739 738 1789 Nos
756 1749 847 1792 nomas
867 1743 973 1806 anapia
986 1739 1110 1800 feliciore:
1131 1738 1211 1803 ousiis

116 1818 215 1865 magras
240 1803 320 1866 Scipio
341 1809 364 1852 et
382 1819 454 1852 unes
477 1805 518 1852 ille
538 1805 632 1866 sapiens
653 1803 743 1853 Laeliae
762 1807 923 1866 prebuerunt.
967 1807 1019 1855 Nos
1039 1819 1091 1854 earu
1110 1819 1211 1854 asemas

115 1867 201 1916 iisdem
220 1867 316 1929 studiis,
335 1873 358 1916 et
382 1869 464 1918 iisdem
485 1867 581 1928 animia
595 1866 689 1927 fuirnas
712 1869 864 1920 sdnrirutioas'
882 1869 1003 1927 omnibns:
1026 1875 1050 1920 et
1071 1884 1097 1918 eo
1118 1869 1210 1930 mura,

115 1933 221 1994 queen,
245 1933 305 1993 qaod
324 1932 379 1981 lieet
399 1937 471 1982 etate
490 1933 602 1995 inaequali
623 1944 715 1982 mamas
736 1938 816 1984 tusses
840 1936 947 1998 epuler.
989 1935 1111 1984 Existimo
1133 1934 1211 1995 lsrps·

115 2001 220 2046 retorem
237 1997 352 2046 Pellem
373 1996 478 2059 potuisse
496 1996 568 2046 citius
588 1997 715 2046 dissolvere
732 1997 783 2046 loro
802 1999 845 2048 illo
858 1999 917 2060 jag-i
931 1998 1029 2059 sutelis,
1049 2013 1101 2061 para
1119 1999 1211 2046 conaus

115 2067 202 2123 meat,
223 2061 278 2124 quir
301 2065 364 2110 tecto
383 2067 450 2110 eruat
468 2074 546 2108 emam
570 2060 649 2122 initis,
669 2066 694 2110 et
710 2060 878 2112 uomuisse
895 2064 1037 2127 principiam
1060 2061 1090 2110 ab
1110 2067 1211 2123 atrum

113 2130 185 2188 purte
208 2125 271 2174 audi.
315 2125 411 2174 Scilicet
437 2125 577 2188 protulimus
601 2125 695 2188 aliquod
722 2139 833 2187 megrana
859 2128 964 2190 verbnm,
990 2133 1016 2177 ut
1044 2127 1099 2176 Dea
1119 2125 1212 2186 ausin,

116 2189 349 2248 Memnoniieriltu,
365 2190 482 2250 ingeram
503 2202 528 2236 se
550 2189 639 2252 optatis
658 2190 747 2238 matris
764 2190 861 2248 airsiir3
884 2194 1075 2256 qaemsdatodass
1096 2189 1152 2239 οἱὶηι
1169 2189 1212 2236 ills

116 2254 181 2318 Des,
193 2253 279 2304 mades
297 2253 353 2304 tatu
370 2268 386 2302 α
407 2254 488 2304 Medis
498 2253 571 2317 illoti,
580 2267 644 2316 agre
654 2253 739 2314 serem
756 2256 887 2319 triumphos
902 2258 968 2318 repis
979 2257 1115 2318 ema,
1133 2252 1210 2317 repri-

519 2479 521 2486 .
611 2410 721 2462 norm

117 2536 234 2584 monum,
254 2522 365 2572 amicum
388 2523 509 2588 Pythiam
536 2527 644 2571 mortem
684 2522 820 2586 imperium
853 2524 963 2574 oraculis
1002 2521 1211 2588 promittebatur.

118 2613 207 2663 prose
227 2599 414 2662 oppetitururn,
431 2599 482 2647 nisi
501 2599 557 2661 ipse
575 2599 646 2648 dicta
685 2599 753 2648 Vide
765 2600 912 2662 Anniadum,
923 2605 951 2649 et
963 2599 1090 2650 Curtium.

115 2674 158 2722 die
167 2671 296 2724 rediisset.
324 2673 400 2725 Quod
417 2673 645 2722 cumsummsfide
716 2679 749 2724 49
766 2677 913 2724 Pellenen...
925 2673 1018 2736 durem]
1034 2671 1211 2722 Alexandrum

117 2748 294 2813 praestitisset,
311 2749 417 2798 miratus
429 2762 517 2796 eornm
529 2745 606 2795 fidem
618 2753 646 2796 et
685 2749 902 2814 Magnum,Pells
913 2745 1080 2822 Macedoniae
1087 2747 1151 2795 urbe
1163 2747 1212 2795 otl-

116 2822 646 2888 amicitiaor‘l'yrannns,ignovltdamoato,
685 2826 790 2876 undum,

117 2913 215 2963 sosque
232 2898 337 2962 rogarit
349 2907 377 2948 nt
388 2912 417 2946 se
425 2899 531 2946 tertium
541 2897 572 2945 ad
584 2895 646 2945 arui·
717 2907 747 2950 51
767 2901 864 2949 Grande
874 2899 968 2962 aliquod
978 2897 1080 2952 semin,
1091 2895 1144 2960 ssa]
1161 2897 1211 2946 Re.

116 2975 205 3026 citiam
216 2974 381 3037 ascriberent,
389 2983 419 3023 ut
430 2979 544 3023 testatur
554 2972 645 3023 Cicero
685 2979 801 3041 aperires
813 2975 916 3026 viderur
927 2974 959 3025 ad
980 2972 1044 3024 illud
1057 2971 1156 3022 AEueid.
1166 2972 1212 3022 lib.

116 3054 164 3103 lib.
176 3067 220 3102 ιιι.
230 3051 382 3102 deOfficiis.
685 3066 713 3104 x.
732 3053 867 3102 ‘Dixerat
899 3051 948 3100 Ille
967 3047 1064 3113 aliquid
1084 3061 1213 3111 magnum,

149 3131 181 3178 st
202 3128 288 3184 Quia
298 3142 396 3189 megum
407 3126 495 3192 Scipio,
505 3125 559 3191 te]
575 3126 643 3175 Pub.
686 3130 788 3195 vimque
797 3127 877 3178 affore
885 3127 964 3176 verbo
973 3123 1144 3175 Crediderat!
1160 3124 1213 3173 Ubi

117 3202 222 3254 Cornel·
234 3203 332 3266 Selino,
342 3211 369 3252 et
379 3193 456 3252 Caius
469 3203 572 3252 Laeliua·
593 3201 645 3251 Sed
685 3196 805 3257 seruus:
823 3200 1044 3253 ‘Proverbialiter
1055 3198 1152 3250 dictum
1165 3206 1214 3261 ert,

117 3278 151 3328 de
165 3279 205 3329 bis
218 3279 369 3328 Ciceronem
382 3277 441 3326 uide
453 3278 487 3326 de
499 3277 629 3328 Amicitia.
687 3296 718 3330 ac
728 3281 749 3329 si
761 3279 870 3339 diceret,
886 3292 937 3326 non
949 3275 1040 3328 mirum
1050 3275 1088 3324 sio
1099 3274 1213 3324 occisum

150 3362 183 3407 47
195 3355 367 3416 Paressuimus
377 3359 437 3419 quod
447 3357 541 3420 dispare
552 3356 646 3420 mano]
687 3371 754 3419 esse,
770 3356 814 3421 qui
833 3353 882 3403 sibi
900 3353 1038 3416 plurimum
1057 3347 1213 3413 arrogabat!

118 3431 195 3486 Quod
206 3432 285 3496 magis
294 3431 458 3491 mirum,cum
467 3433 499 3480 ad
508 3431 647 3480 amicitiam
688 3433 788 3483 Nature
799 3430 900 3480 scillcet
911 3429 990 3478 verbs
1006 3427 1082 3476 nimis
1101 3428 1214 3490 superba

118 3524 210 3574 parum
222 3523 272 3558 non
284 3507 365 3558 faciat
377 3510 510 3573 oeqrralitas
523 3509 580 3557 aevi.
601 3508 646 3557 Se·
687 3507 808 3559 Nemesis
828 3505 993 3566 credebatur,
1014 3511 1041 3552 et
1060 3503 1150 3566 punire
1170 3501 1214 3550 illa

117 3587 175 3635 nior
187 3599 262 3649 porro
275 3591 332 3634 erat
343 3584 481 3645 Ausonius,
495 3589 522 3633 et
534 3582 646 3645 Paulini,
687 3585 754 3634 rnalo
770 3583 855 3647 aliquo
871 3583 975 3630 euentu.
1009 3576 1213 3627 Hineamtritia

118 3669 149 3710 ut
160 3662 215 3725 ipse
226 3661 263 3709 ait
273 3659 358 3724 Epist.
369 3661 511 3724 superiore,
529 3657 604 3716 altor,
620 3665 647 3705 et
686 3676 738 3710 snoe
755 3667 783 3709 et
793 3657 896 3708 Paulini
907 3655 1100 3704 dissolutionem
1113 3652 1138 3700 ei
1149 3653 1213 3701 Deae

118 3726 269 3802 preceptor
292 3737 398 3799 primus,
424 3735 520 3798 primus
541 3733 648 3796 largitor
688 3727 1214 3800 tribuit,quaesienltafueritjactauiinra

116 3810 412 3876 bonorum,priurnsqui
424 3798 647 3860 inr'lonidnmcoi·
689 3810 777 3873 verba,
792 3807 886 3874 quibus
907 3818 964 3854 eanr
986 3797 1134 3862 amicitiam,
1154 3800 1213 3848 drrnr

117 3881 186 3953 legia
199 3902 256 3937 euru
269 3877 391 3938 duxerat.
689 3887 801 3949 rigeret,
817 3880 973 3932 extulerant.

150 3958 292 4029 48¹Ocpus]
316 3963 398 4014 Quam
414 3962 468 4010 lora
479 3957 560 4008 nostri
575 3957 648 4022 jugi;
720 3957 752 4008 523
770 3951 926 4016 Querar]
943 3949 1071 4012 Nemesis,
1089 3964 1105 3998 s
1121 3947 1215 3998 Rham·

8 4031 9 4036 ¹
117 4042 168 4092 hoc
180 4047 231 4104 est,
244 4047 358 4090 nostram
370 4037 521 4089 amicitiam.
681 4029 768 4104 ⁴nunte
781 4033 874 4083 Atticae
885 4031 969 4094 Pago,
981 4027 1025 4077 ubi
1036 4026 1178 4075 colebatur.

153 4114 368 4178 lllojugisetalis,
379 4112 456 4176 .loro]
468 4103 570 4163 Nodum
583 4109 649 4160 Gor·
721 4115 752 4159 5³
771 4107 893 4160 Araura
902 4099 979 4166 regis]
998 4101 1080 4151 Darii.

120 4191 210 4253 diurn,
227 4206 302 4256 quem
322 4191 365 4256 qni
384 4190 512 4252 solvisset,
529 4186 609 4238 Orbis
624 4189 649 4237 ei
721 4189 753 4234 al
778 4183 862 4233 Ultrix
881 4181 936 4230 Deo
957 4179 1061 4244 Medica,
1081 4177 1135 4244 ira]
1165 4176 1216 4227 Vel
