3000 4882
283 344 349 412 tut
752 359 909 408 nusonrr

284 506 319 572 in
344 508 535 587 argumento
563 503 669 566 vestis
691 498 871 568 intexitur:
894 501 1077 568 Gratianus
1100 502 1135 568 in
1148 505 1296 568 muneris
1321 503 1383 570 ho·

284 626 366 671 nore
397 604 544 670 sentitur.
598 606 650 668 δῦ.
673 601 835 670 Accessit
860 611 927 668 tam
955 606 1107 687 impenso
1129 606 1294 670 beneficio
1321 613 1382 670 tuo
1489 597 1491 612 ⁴

285 706 416 793 pondus
447 706 648 790 quorundam
680 707 906 772 sciscitatione
947 706 1164 771 cumulatum.
1232 707 1383 772 Interro-

287 814 395 892 gatus,
417 827 517 892 quem
543 809 686 892 priorem
721 808 915 872 decerneres
947 806 1141 885 Consulem,
1173 823 1247 871 unc
1272 825 1384 873 uuar-

288 926 453 976 unnnuu
475 929 551 976 esse
579 909 697 975 dixisti
722 917 779 974 tu:
801 915 845 986 et,
864 909 921 992 qui
936 915 1048 973 tecum
1072 908 1152 972 boni
1174 915 1263 985 sunt,
1285 908 1384 974 dnbi-

288 1017 358 1076 tare
380 1031 449 1078 non
473 1017 632 1096 poterant.
677 1010 746 1076 Sed
767 1016 877 1075 tamen
899 1010 943 1076 ad
967 1009 1033 1074 hoc
1058 1009 1185 1074 dictum
1209 1017 1385 1075 erexerant

288 1113 429 1194 animos,
452 1116 512 1198 qni
535 1115 674 1179 libenter
695 1115 912 1179 clarissimum
937 1113 1045 1177 virum
1067 1110 1243 1193 Collegaru
1256 1131 1384 1189 meum,

289 1235 389 1298 quem
403 1222 600 1298 presentem
623 1216 769 1281 babebat
790 1215 939 1290 occasio,
958 1214 1133 1296 praelatum
1153 1210 1385 1292 credidissent.

291 1315 488 1398 Fatignutes
504 1323 624 1394 tamen,
638 1317 729 1400 quod
744 1315 983 1391 intellexerant,
992 1313 1213 1397 requirebant
1243 1314 1298 1378 56.
1314 1316 1386 1381 Ηίο

290 1424 339 1494 tu,
350 1417 527 1498 sicutmibi
536 1420 755 1485 renuntiatum
770 1425 834 1495 est,
844 1425 926 1482 noto
936 1417 995 1481 illo
1007 1415 1133 1500 pudore
1147 1420 1204 1480 tuo
1213 1415 1388 1502 paulisper

290 1517 436 1585 basisti:
459 1539 526 1585 non
549 1522 687 1586 rationis
709 1521 894 1603 ambiguus,
915 1519 973 1584 sed
1000 1537 1113 1584 eorum
1138 1518 1386 1585 dubitationem

291 1620 385 1684 vultu
400 1628 434 1685 et
447 1623 564 1686 rubore
579 1623 817 1700 condemnans,
832 1622 892 1705 qui
907 1621 1055 1685 studium
1070 1617 1209 1684 suunt4b
1223 1620 1388 1703 interpre·
1491 1621 1493 1636 ⁴

292 1722 428 1788 tationis
441 1743 548 1789 errore
568 1725 765 1810 palpabant.
809 1723 941 1789 Deinde
954 1723 1046 1788 illico
1061 1719 1255 1787 subdidisti:
1280 1721 1387 1800 Qurn

296 1841 345 1886 nn
374 1842 523 1890 nuouus
550 1826 792 1892 Consuuruus
822 1841 1049 1890 nnsrcusrrs
1074 1839 1387 1901 consarcinante

295 1941 394 1988 ortuo
411 1943 470 1990 srr
487 1929 822 1993 nuncurnrronrs't
865 1925 979 1991 Anus
995 1931 1129 1990 nurus⁵
1146 1940 1253 2000 cusu
1279 1943 1388 2002 Quen

295 2026 561 2093 Panrnorunn
585 2031 835 2096 consurrurrl
880 2030 933 2093 57.
957 2027 1133 2092 Olelicem
1147 2027 1389 2092 verecundiam

293 2135 398 2204 tunm,
427 2129 484 2194 cui
512 2130 579 2194 ista
606 2132 778 2214 popularis
806 2131 893 2196 ratio
923 2136 991 2195 tam
1018 2129 1193 2212 prudenter
1221 2129 1389 2192 occurrit!

296 2231 402 2296 Scisti
414 2231 518 2309 aliud,
537 2231 708 2310 Gratiune,
722 2231 835 2315 quod⁶
848 2234 1006 2298 diceresz⁰
1021 2230 1080 2294 sed
1094 2236 1230 2314 propter
1245 2248 1390 2314 quorun·

296 2450 415 2508 intexitur·
433 2453 459 2500 ln
469 2451 562 2514 pletura
573 2457 650 2512 toga.-
669 2450 801 2499 Gratianus
810 2447 912 2499 sentitur
922 2448 949 2498 in
959 2447 1043 2497 tunm
1053 2446 1164 2496 mnnma.
1190 2446 1282 2496 Addita
1293 2452 1330 2496 ert
1341 2452 1392 2496 tarn

295 2514 388 2575 ingente·
398 2520 438 2562 tuo
450 2517 538 2564 muneri
548 2516 654 2576 dignitas
665 2521 732 2562 anna
742 2514 917 2576 percontatione
927 2513 1077 2576 quorundam.
1108 2513 1144 2561 lb
1157 2517 1255 2571 rogatas
1270 2518 1352 2560 utrnrn
1360 2527 1391 2560 en

299 2578 434 2642 Consulibus
450 2579 585 2638 designares
600 2579 710 2641 priorem,
720 2580 859 2641 renuntiati
874 2592 924 2627 non
941 2591 989 2626 esse
1006 2575 1201 2638 ambigendum:
1219 2581 1243 2624 et
1257 2575 1326 2639 probi
1344 2576 1392 2625 uiri

297 2641 400 2704 quisunt
418 2647 492 2691 tecum
510 2658 556 2691 nan
571 2647 679 2706 poterant
691 2643 815 2703 ambigere.
842 2643 877 2690 ,tt
894 2642 1046 2690 nibilominus
1060 2640 1097 2689 illi
1113 2641 1154 2702 qul
1168 2641 1343 2702 propendebant
1359 2642 1391 2688 ad

297 2706 479 2755 existimandum
496 2707 634 2770 praclarum
653 2707 729 2755 cirum
747 2707 861 2767 collegam
878 2721 963 2765 meum,
982 2719 1047 2767 quem
1068 2704 1157 2752 oceano
1173 2719 1251 2752 aarum
1267 2703 1392 2768 afferebat,

298 2770 358 2818 milri
368 2772 523 2834 antepositam
539 2785 595 2832 ene,
604 2773 748 2820 sustulerant
763 2772 852 2818 animoa
862 2771 892 2818 ad
912 2770 971 2817 tanc
989 2783 1073 2817 nocem.
1100 2769 1198 2816 Molertl
1208 2768 1306 2816 interim
1320 2783 1392 2829 rega-

298 2833 355 2882 tant
366 2836 440 2884 atltae
450 2836 476 2884 id
486 2839 544 2899 quad
559 2837 620 2886 satir
635 2837 809 2885 intellexerant.
839 2835 903 2882 lbnc
919 2839 955 2893 tu,
965 2838 992 2881 ut
1008 2834 1038 2881 ad
1055 2846 1092 2880 me
1106 2834 1206 2881 relatam
1219 2837 1264 2889 eet,
1275 2832 1394 2894 tantisper

298 2898 524 2950 mellentinum
540 2901 610 2950 rotila
621 2901 776 2956 ammundiar
791 2913 836 2946 non
854 2899 958 2946 incertae
975 2895 1077 2956 manlii,
1089 2897 1129 2944 red
1145 2896 1329 2955 damnanrsacie
1339 2911 1393 2944 erne·

300 2963 403 3012 merente
419 2965 587 3014 dubitationem
605 2966 710 3024 illoram,
730 2964 770 3026 qui
786 2963 964 3011 blandiebantur
981 2960 1078 3024 affectui
1098 2975 1140 3008 aaa
1150 2962 1218 3019 sulen
1236 2961 1393 3023 explicatione

299 3028 336 3075 tui
346 3027 414 3077 droti.
445 3030 500 3078 Post
517 3030 635 3089 subtristi
650 3030 745 3077 statiua:
763 3029 852 3081 Quare
870 3025 1036 3089 interrogatis
1047 3039 1084 3073 me
1097 3027 1165 3088 qnod
1176 3029 1266 3088 nectat
1278 3024 1311 3072 ad
1328 3025 1394 3073 duos

301 3093 417 3140 consules
428 3107 443 3139 a
454 3107 490 3141 me
505 3095 658 3151 nominatos,
670 3094 725 3157 quis
741 3092 804 3140 orda
821 3091 856 3139 sit
872 3090 1052 3138 nunninationis
1069 3087 1167 3138 eornm?
1182 3089 1250 3137 Num
1269 3089 1394 3137 ulianense

299 3155 365 3203 debet
377 3157 486 3219 quarata
502 3172 577 3220 quem
595 3155 754 3220 praefectura
772 3155 863 3218 ponit?
882 3155 904 3202 0
915 3155 1066 3213 fortunatum
1083 3154 1328 3216 pertremescunt
1344 3158 1395 3201 tarn

300 3221 499 3283 emmens-aperit
515 3222 580 3271 ittam
593 3221 709 3270 rationem
725 3217 879 3284 popularem!
896 3217 1009 3268 Halunti
1025 3218 1051 3266 in
1062 3222 1139 3266 mente
1157 3217 1221 3266 aliud
1231 3219 1290 3280 qnod
1302 3231 1396 3280 respon·

766 3377 947 3400 temnunt

301 3496 390 3538 monet
401 3490 520 3554 vinetus,
533 3506 582 3540 nau
604 3494 828 3544 Constantinus-t
847 3490 1048 3552 tutanda-e
1066 3487 1156 3543 Altum,
1175 3501 1225 3535 non
1242 3491 1325 3546 recte,
1336 3500 1397 3535 ren-

302 3561 376 3604 uente
389 3554 488 3607 Acidal.
505 3557 605 3606 ebullis
624 3559 777 3621 largitura—6
793 3559 865 3607 Aliud
910 3571 977 3620 quam
989 3555 1104 3618 vulp-7
1121 3557 1128 3580 ‘
1142 3554 1232 3602 Recto.
1243 3550 1285 3601 Aa
1297 3560 1396 3610 temen,

794 3701 906 3755 NOTAE

336 3813 348 3848 ¹·
364 3815 533 3870 Quinetiam
549 3815 628 3880 auum]
645 3815 686 3866 Sic
710 3824 783 3866 retus
799 3818 828 3866 li·
869 3831 902 3878 pe
919 3829 959 3865 rus
972 3820 1044 3864 tunm
1057 3809 1136 3861 initae
1148 3814 1398 3874 praeoptaremu-

304 3891 359 3940 ber.
392 3890 443 3939 nni
454 3896 530 3951 taum,
544 3907 677 3956 proauum,
688 3893 757 3957 quod
770 3891 829 3942 Aci·
869 3909 919 3960 qne
938 3908 969 3944 eo
988 3891 1091 3942 nomiae
1111 3889 1160 3938 tibi
1178 3887 1302 3936 rariorem
1319 3901 1397 3950 quarn

302 3966 355 4014 del.
375 3966 547 4030 amplectitur,
563 3968 722 4027 nemincum
739 3969 829 4030 planus
869 3969 1050 4030 esaetcollega
1064 3980 1143 4016 naeus.
1177 3965 1350 4012 Benernonet
1361 3961 1397 4012 A·

266 4083 268 4086 .
303 4041 373 4090 enim
388 4055 476 4090 nennn
487 4048 527 4092 ert
537 4057 611 4107 quern
623 4043 738 4106 expressi
748 4043 774 4092 in
786 4042 828 4092 ln·
868 4039 1215 4109 eld.auarl,nanquam,l1io
1235 4051 1292 4088 erse
1309 4039 1417 4102 leatan-¹

306 4119 504 4182 terpretatione.
869 4121 938 4170 duur.

336 4194 431 4244 ‘uelut
441 4195 505 4246 allud
517 4229 523 4245 .
535 4229 542 4246 .
553 4197 628 4259 mund
639 4195 738 4266 tuerer]
751 4194 828 4246 Nem-
