2998 4884
319 355 383 420 526
784 359 935 412 tuantur

321 512 481 576 Humana
494 506 640 574 efficiunt
653 502 847 568 habitacula
862 508 1010 583 tergenus
1025 505 1124 575 artes,

319 611 507 676 Parietibus
522 625 598 690 quae
612 621 699 669 saxa
711 603 810 678 locat,
824 621 900 683 quae
916 599 1057 665 culmine
1071 598 1172 680 tigna,

321 711 452 796 thuee
467 725 621 792 supremo
635 701 737 768 comit
749 702 891 766 tectoria
904 700 1004 764 cultu.
1361 689 1407 752 45

320 809 411 875 Hino
427 806 553 874 Bromii
566 801 773 888 quadrantal,
788 804 821 864 et
832 799 907 863 hinc
922 798 1044 862 Sicana
1056 795 1233 861 medimna.

319 907 400 972 Hoc
413 908 529 982 tribua,
543 904 608 968 hoo
622 900 763 984 geminis
777 900 881 962 tribue
895 894 1049 980 explieat
1058 915 1142 960 uans
1154 893 1284 977 agendi.

319 1011 362 1075 In
377 1006 534 1091 Physicis
548 1005 610 1070 tria
623 1004 741 1087 prima,
763 1000 868 1074 Deua,
888 997 1041 1074 mundun,
1063 997 1145 1060 data
1156 995 1272 1060 forma.

317 1111 488 1192 Tergenne
501 1105 723 1185 omnigenum,
746 1100 881 1181 genitor,
902 1097 1055 1179 genitrix,
1077 1104 1277 1178 generatum.

318 1210 384 1276 Per
396 1211 497 1274 trinas
513 1205 645 1287 species
659 1202 858 1283 trigonorum
874 1199 986 1281 regula
999 1199 1111 1275 currit,
1361 1196 1407 1260 50
1483 1217 1484 1220 ’

318 1437 374 1485 liae.
405 1435 480 1484 Artes
501 1430 603 1494 triplicia
619 1429 714 1492 generis
730 1428 849 1478 mam-r
869 1428 947 1476 doraoa
964 1427 1093 1489 lomim
1110 1442 1138 1478 ra
1157 1427 1244 1478 attica
1262 1440 1315 1491 qu
1330 1425 1406 1474 rtruit

317 1498 420 1561 parietes
430 1512 443 1546 e
452 1495 578 1560 lapidilaa
588 1508 616 1543 en
626 1507 678 1557 φα
686 1493 753 1556 pouit
769 1491 884 1552 lig-illata
894 1490 1007 1552 laudm,
1022 1496 1047 1540 et
1062 1506 1090 1540 ea
1102 1506 1154 1554 qua
1168 1490 1260 1540 inducit
1270 1488 1407 1566 potatam

316 1562 425 1610 altimum
449 1556 677 1608 muneratoria.
718 1555 755 1604 Ao
774 1556 852 1603 eodem
873 1569 967 1604 murtro
987 1554 1066 1604 oritur
1089 1556 1229 1630 quadrantal
1251 1554 1313 1614 arai,
1332 1557 1356 1601 et
1375 1552 1406 1600 ad

317 1626 395 1674 eota·
400 1626 506 1674 matur
516 1621 628 1671 medimai
638 1619 724 1670 Siculi.
740 1619 805 1667 Illud
820 1619 847 1666 ia
855 1632 900 1666 aaa
910 1618 1028 1668 aaran
1037 1622 1139 1667 content
1149 1618 1301 1678 rearmatur,
1311 1616 1337 1665 tu·
1347 1629 1406 1664 aera

316 1688 435 1738 contium
445 1687 481 1735 dir
491 1693 550 1735 trec.
566 1685 597 1734 Ia
612 1684 680 1732 non
694 1681 843 1731 romulidae
857 1681 906 1730 tria
921 1681 1038 1756 principia
1056 1687 1188 1744 arearum,
1207 1683 1284 1743 Deua,
1294 1681 1407 1754 naariae,

318 1751 426 1811 etim
435 1751 481 1814 ipat
491 1750 612 1812 impressa.
629 1749 660 1797 Ia
667 1746 730 1796 omrai
737 1746 945 1807 geaeratiorretno
955 1749 1019 1806 aaut,
1026 1747 1128 1806 genum,
1133 1745 1249 1807 genitrix,
1255 1749 1279 1794 et
1286 1747 1406 1805 genum.

318 1815 410 1877 Regula
420 1815 592 1877 mmmm
598 1811 679 1876 pergit
688 1824 731 1875 per
739 1813 789 1860 rm
798 1823 877 1858 eoram
886 1809 991 1872 rpeeiea:
1002 1813 1038 1860 ert
1048 1809 1110 1858 enim
1120 1809 1264 1872 triangulata
1281 1809 1317 1858 ael
1330 1805 1405 1870 aqut.

318 2103 460 2170 Vola-tl
477 2105 582 2168 ‘Lagea
598 2101 649 2152 lroec
665 2115 691 2164 g.
709 2099 837 2164 triturant
851 2093 1223 2163 eetiuoptimiamembrania)
1242 2095 1407 2147 tillim—tto

805 2265 913 2318 Nom

317 2400 374 2450 uiua
385 2396 489 2450 Priscus
501 2397 528 2446 iu
545 2395 652 2446 Sabinos
664 2395 754 2446 ultimo
770 2394 838 2446 bello
909 2399 942 2446 dd
960 2393 1118 2460 Quadrantal]
1135 2393 1407 2446 Voinaiualliaeeianua

317 2475 507 2534 decertatum,
517 2471 641 2534 iiatribnr
659 2471 784 2535 templum
796 2485 839 2520 vo·
878 2471 977 2522 JCtua:
992 2469 1182 2531 ‘Quadrantat
1193 2469 1260 2534 quod
1272 2482 1341 2518 nnnc
1353 2471 1408 2532 pla·

316 2553 398 2610 verat,
409 2547 478 2611 quod
498 2553 583 2597 tamen
600 2551 681 2596 morte
692 2553 839 2610 praeventae
879 2546 952 2611 alque
963 2545 1118 2608 Amphoram
1130 2543 1320 2608 vocant,lrabet
1330 2558 1408 2594 urnae

315 2621 477 2671 reinchoare
494 2620 596 2686 quidem
613 2620 716 2684 potuit;
738 2620 838 2670 inchoa·
879 2619 952 2682 duaa,
962 2619 1061 2670 medior
1070 2627 1133 2682 tres,
1143 2617 1269 2669 remedius
1278 2631 1333 2682 rex,
1345 2633 1408 2669 con·

316 2697 451 2746 vitantem
467 2695 620 2759 tarquinius
638 2695 780 2759 Superbus,
794 2697 840 2745 ab·
881 2694 936 2758 gioa
947 2693 1025 2744 octo.'

314 2772 503 2822 aolvitdemam
520 2771 636 2833 Popuirrr
655 2772 794 2834 Romanoa,
812 2778 841 2823 et
911 2769 999 2820 seam
1009 2768 1136 2832 medimna]
1164 2768 1410 2820 Numeremultitn-

317 2860 364 2910 per
375 2844 509 2896 Horatium
519 2845 658 2894 Pulvillum
669 2845 839 2896 consecravit.
881 2844 956 2895 dinis.
988 2845 1093 2895 Dicitur
1121 2843 1190 2892 enim
1216 2842 1356 2905 marnam,
1380 2850 1409 2894 et

315 2921 374 2971 Hoc
391 2920 460 2970 idem
471 2918 686 2970 indicatSerriaa
704 2919 737 2968 ad
754 2919 840 2972 tib.rr.
879 2919 1027 2970 auditarum.
1059 2918 1184 2968 Memora
1201 2917 1409 2969 eatrexmodio·

315 2995 415 3045 AEneid.
425 2994 469 3044 ubi
479 2993 517 3043 ait
526 2993 534 3021 ‘
543 2993 693 3043 delubrnm'
704 2995 840 3058 appellari,
880 3009 935 3044 rum
946 3009 1039 3060 capax.
1071 2993 1192 3043 Sicanum
1204 3000 1290 3042 tamen
1301 2991 1410 3041 medim-

316 3068 383 3132 quod
394 3081 443 3117 nno
455 3072 526 3116 tecto
538 3069 611 3130 plura
622 3069 786 3132 amplectitur
797 3083 841 3122 uu·
878 3083 939 3119 unm
950 3070 1060 3134 quinque
1072 3073 1171 3118 tantum
1188 3066 1291 3130 capiare
1306 3066 1410 3117 modica

314 3142 392 3204 mina,
402 3142 463 3206 quia
473 3154 525 3189 nuo
545 3147 619 3190 tecto
636 3143 752 3206 diluitur,
763 3150 794 3192 ut
812 3149 840 3194 et
879 3143 974 3208 probat
985 3142 1098 3193 Budaeue
1113 3141 1159 3192 lib.
1170 3155 1197 3193 v.
1215 3141 1248 3191 de
1259 3140 1336 3204 Arre,
1347 3156 1410 3192 cum

315 3214 481 3278 Capitolium,
490 3213 517 3262 ln
528 3228 580 3279 quo
591 3221 660 3265 earet
667 3216 781 3279 lnpiter,
791 3217 809 3268 J
812 3232 838 3268 u·
879 3216 983 3268 Atticur
992 3223 1018 3267 et
1030 3218 1159 3267 Romanus
1171 3229 1218 3266 aex
1229 3223 1365 3279 caperent.

315 3303 358 3346 no,
370 3288 498 3338 Minerva.
909 3295 942 3342 ta
952 3293 1026 3349 Deua.
1035 3290 1318 3354 maadtu,tlatuforma]‘
1329 3293 1409 3341 Mun·

346 3362 405 3412 *la
424 3363 522 3426 ratpero
540 3362 637 3425 templo]
653 3364 684 3413 In
696 3363 838 3428 Capitolio,
880 3365 957 3420 dnm'
975 3367 1018 3415 hic
1035 3366 1166 3415 materiam
1184 3365 1271 3415 muudi
1281 3366 1412 3430 intellige.

315 3437 383 3502 quod
394 3443 471 3486 antea
481 3437 622 3494 vocabatur
631 3439 754 3503 Tarpeiae
765 3439 840 3500 Mona
880 3439 1014 3503 Principia
1023 3441 1091 3490 enim
1102 3439 1156 3503 illa,
1167 3447 1197 3488 ut
1213 3446 1288 3503 patet
1298 3454 1332 3490 ex
1345 3441 1411 3491 Plu·

314 3527 330 3560 a
348 3511 458 3575 Tarpeia
473 3509 509 3560 ibi
526 3511 678 3563 Sabinorum
699 3514 780 3567 acutia
795 3528 840 3578 op·
879 3515 970 3564 tarcho
982 3515 1025 3564 lib.
1035 3527 1055 3564 r.
1073 3515 1107 3564 de
1118 3515 1221 3578 placitis
1237 3515 1410 3580 Philosopho.

314 3600 411 3650 prema.
880 3587 1107 3653 numerantoedr,
1126 3587 1411 3654 daa,ltta,Dena,ma.

345 3665 377 3711 aa
405 3661 521 3724 Pergaeus
551 3660 626 3725 anea]
658 3661 840 3726 caementaria,
880 3662 1058 3725 teria,forma.

314 3737 841 3803 qualapideaeaeditetaptatinparieti·
909 3738 1125 3802 terrigenarum]
1160 3739 1306 3791 Secundam
1331 3740 1409 3805 hnjaa

313 3811 377 3873 bru;
404 3811 562 3874 Materiaria,
578 3826 624 3861 ren
642 3813 761 3876 lignaria,
781 3827 839 3878 qua
878 3812 949 3862 vocir
970 3812 1078 3876 corripit
1097 3813 1215 3875 licenter,
1233 3829 1291 3878 qna
1312 3823 1411 3866 natura

314 3884 518 3940 materiamen
544 3883 640 3948 lignum
664 3886 788 3937 tabulatis
811 3892 839 3935 et
877 3887 1013 3951 langueat,
1034 3885 1160 3938 aGraeco
1175 3887 1296 3952 τρίγωνον.
1313 3890 1411 3944 Manii.
1438 3923 1443 3932 ·

314 3961 391 4010 tactis
402 3957 537 4019 deaaclatp
551 3960 839 4012 etTectoriaaeuTrul·
878 3960 984 4011 Antron.
1001 3961 1048 4012 tib.
1066 3974 1097 4012 rr.
1123 3962 1176 4012 ‘Et
1186 3977 1357 4030 quacumque
1368 3971 1410 4018 ta.

313 4033 451 4096 litiatoria,
462 4047 519 4101 quar
537 4033 650 4096 parietes
669 4035 777 4088 tectorio
794 4048 839 4085 reu
878 4035 1149 4101 mendicanturaigna
1160 4039 1278 4104 trigona?
1307 4029 1310 4035 ¹

316 4109 413 4161 albario
425 4121 504 4177 opere
515 4106 622 4163 inducit.
