3016 4894
222 365 226 374 ’
303 349 368 414 704
769 355 925 406 ausonii

347 503 418 572 cnr
433 524 487 568 me
504 500 725 587 propinquum
741 498 960 566 Santonorum
974 497 1142 564 moenibus

390 606 562 681 Decimae,
578 607 615 668 nt
628 602 744 668 Lucas
758 601 867 666 boves

347 708 438 774 Olim
452 709 598 771 resumto
614 701 815 788 praferoces
835 700 953 784 praelio

391 809 492 893 Fugit
505 807 667 892 juventus
682 803 850 870 Romulei

347 911 428 978 Non
442 915 480 976 ut
494 910 589 992 tigris
602 914 647 987 te,
661 927 728 972 non
738 905 849 970 leonis
864 905 1001 989 impetu,

390 1010 516 1080 Amore
531 1010 590 1076 sed
606 1029 684 1075 caro
700 1017 834 1092 expeto.

347 1113 475 1180 Videre
490 1113 614 1178 alumni
627 1111 732 1194 gestio
746 1109 862 1175 vultus
877 1109 956 1188 mei,

390 1216 434 1281 Et
444 1214 557 1280 indole
571 1217 687 1298 optata
702 1211 777 1275 furi.

348 1319 478 1385 Invitus
493 1317 573 1383 olim
587 1314 748 1379 devoravi
766 1313 928 1379 absentiae

390 1417 639 1483 Necessitatem
654 1414 817 1497 pristinae,

348 1519 531 1601 Quondam
547 1516 691 1583 docendi
705 1531 839 1578 munere
853 1511 1025 1577 astrictum
1040 1510 1133 1594 gravi

390 1620 553 1686 Iculisma
569 1637 645 1684 cum
659 1623 693 1681 te
709 1614 938 1682 absconderet.

347 1723 391 1788 Et
405 1720 598 1786 invidebam
612 1718 723 1795 devio,
738 1736 779 1781 ac
795 1717 868 1781 solo
881 1715 970 1791 loco,

389 1822 483 1907 Opes
499 1821 735 1890 Gamoenarum
748 1820 828 1903 tegi.

303 2007 437 2069 teser-iores
447 2011 703 2067 ateramum.
737 2004 818 2060 Quare
834 1999 898 2050 edm
908 2016 945 2050 me
955 2001 1057 2050 adnm
1072 2015 1191 2054 ramma·
1209 2001 1402 2062 ductantem,

304 2077 331 2120 at
349 2073 465 2135 qnondam
488 2072 594 2120 Romana
608 2069 723 2129 juvenem
738 2066 827 2116 uitauit
844 2065 989 2128 Elephanton
1004 2065 1166 2127 redintegrata
1181 2081 1262 2129 pogna
1272 2063 1404 2127 furenter?

307 2137 362 2185 Non
369 2141 392 2186 te
403 2149 483 2198 qaoero
493 2140 520 2183 at
540 2135 622 2196 tigria,
636 2148 709 2196 aeque
719 2147 771 2182 eum
787 2131 877 2192 impeta
888 2129 962 2178 hante
971 2146 981 2189 ,·
997 2132 1038 2180 red
1048 2129 1139 2193 offerte
1148 2133 1232 2181 anteo.
1266 2132 1344 2195 empto
1354 2146 1404 2180 eer-

304 2201 455 2259 neresaeiem
465 2199 511 2248 met
521 2199 618 2259 etamsi,
636 2197 724 2258 otfrid
735 2195 786 2256 qius
795 2195 891 2256 tagenio
902 2208 964 2244 aare
980 2196 1093 2258 expetito.
1124 2195 1231 2248 Antehac
1240 2211 1305 2258 egre
1314 2196 1404 2260 portati

304 2263 434 2312 attentiora
451 2269 518 2312 taam
536 2263 640 2325 priorem
661 2260 824 2320 necessariora,
845 2259 901 2306 otim
921 2273 973 2306 eum
988 2259 1129 2318 Engaliamn
1143 2260 1250 2308 abditum
1269 2265 1293 2309 te
1314 2265 1404 2310 terreret

303 2328 423 2376 addietum
433 2327 528 2376 molesto
537 2326 613 2392 officio
621 2326 726 2375 mendi.
750 2323 788 2374 Ae
794 2321 937 2384 indignabar
947 2325 1009 2386 qaod
1019 2324 1145 2376 Mamm
1153 2325 1245 2374 dtedta
1253 2327 1405 2374 recomma-

764 2461 945 2488 &omnmo

304 2550 431 2599 Vua-24
449 2548 515 2611 Opas
526 2547 555 2595 0.
566 2547 708 2610 Vulg-ttt
724 2547 731 2574 ‘
746 2547 851 2596 Fastidio
871 2549 952 2612 magis
971 2547 1057 2612 placet
1076 2547 1145 2613 quod
1160 2548 1240 2598 babet
1249 2548 1309 2598 'lilii
1320 2549 1403 2600 liber!

815 2699 923 2754 NOTAE

337 2818 370 2864 12
389 2815 423 2864 Ut
441 2813 518 2864 Luem
536 2812 615 2876 bocer]
630 2813 662 2863 ln
674 2813 792 2877 Verginii
806 2813 833 2863 in
874 2819 989 2877 secutus,
1000 2828 1015 2863 a
1027 2815 1143 2864 Lucania
1156 2829 1268 2880 qnoque,
1287 2821 1315 2864 et
1332 2816 1402 2866 bello

305 2890 416 2946 Ennium
438 2890 629 2942 Commentario
648 2890 717 2954 apud
738 2890 833 2940 Varro·
873 2890 968 2954 Pyrrhi
988 2890 1091 2942 ‘Lucas
1106 2889 1201 2940 boves’
1217 2889 1333 2944 deducit.
1365 2891 1402 2942 lis

305 2979 364 3018 nem
373 2966 418 3017 lib.
426 2981 463 3017 vr.
474 2965 517 3016 Do
528 2966 616 3030 lingna
623 2966 715 3018 Ludna
724 2965 757 3016 ad
766 2964 834 3016 hune
874 2966 1028 3031 astipulatur
1037 2966 1080 3016 bic
1091 2965 1228 3018 Ausonius.

233 3038 236 3043 ’
304 3041 382 3090 Ennii
391 3042 492 3091 locum:
505 3039 603 3105 ‘Atque
611 3042 685 3106 priua
693 3041 834 3106 pariatis·
907 3047 937 3091 1⁵
950 3041 1227 3106 Nonmrtgruremsa]
1244 3042 1404 3105 Expressom

305 3118 482 3168 cudtsslfflflffl
494 3115 605 3176 bovem,'
620 3116 774 3180 rielegitur:
791 3114 833 3167 Ab
875 3131 908 3166 ex
928 3117 977 3166 boc
999 3117 1104 3172 Horatii
1124 3117 1171 3168 lib.
1191 3133 1211 3168 1.
1236 3117 1288 3168 Od.
1308 3122 1352 3170 2³:
1371 3119 1404 3169 ad

305 3192 431 3242 Lucaueis
451 3192 551 3240 Lucas:
569 3191 603 3240 ab
615 3205 648 3240 eo
667 3191 735 3257 quod
750 3191 833 3241 nostri
874 3190 988 3241 Chloen:
1006 3191 1014 3219 ‘
1027 3191 1107 3256 Atqui
1119 3206 1170 3242 non
1181 3206 1230 3257 ego
1240 3198 1277 3254 te,
1288 3192 1365 3258 tigris
1376 3199 1405 3242 nt
1423 3205 1426 3212 ’

305 3279 363 3315 cum
382 3266 518 3332 maximqm
538 3265 740 3329 quadrupedem,
756 3282 833 3331 quam
873 3279 975 3331 aspera,
986 3267 1139 3318 Gaetulusve
1151 3269 1201 3332 leo,
1210 3266 1332 3332 fungere
1343 3283 1405 3333 per·
1487 3339 1488 3342 Ἴ

304 3341 751 3406 ipribaberent‚vocnrentbovem;
768 3345 833 3396 etin
873 3341 985 3406 aequor?
1264 3400 1268 3410 Ι

305 3417 429 3480 Lucanis,
439 3417 534 3482 Pyrrhi
544 3419 622 3482 bello,
638 3418 746 3482 primum
756 3419 833 3470 vidis·
905 3422 937 3467 21
956 3417 1062 3468 Ducendi
1076 3431 1171 3468 murrae
1181 3416 1306 3468 astrictam
1320 3419 1406 3483 gravi]

305 3498 364 3542 rent
375 3492 444 3556 apud
453 3492 541 3542 hostes
552 3494 719 3558 Elephantos,
736 3494 763 3544 id
782 3500 832 3558 ert,
872 3493 899 3546 si
911 3494 948 3544 ric
959 3495 1038 3558 legas,
1056 3492 1127 3543 refer
1138 3494 1170 3544 ad
1181 3493 1342 3557 Tenediam,
1361 3495 1406 3559 qui

305 3566 486 3632 quadrupedes
503 3576 636 3626 consutae,
661 3571 743 3632 (nam,
769 3585 833 3634 qnos
873 3576 928 3619 tum
944 3569 1098 3634 Engolirmae
1114 3568 1408 3619 Grammaticamdoee·

304 3643 399 3694 dentes
417 3643 491 3694 multi
516 3643 617 3705 dieunt,
634 3652 694 3696 sunt
714 3645 834 3712 cernua.)
873 3646 930 3696 bat.
964 3647 993 3696 Si·
1001 3660 1064 3696 vero
1079 3647 1210 3710 scaligero
1220 3648 1353 3698 auscultes
1365 3662 1406 3698 re·
1487 3665 1488 3700 i

305 3719 402 3772 Lucam
414 3718 506 3771 bouem
515 3721 669 3784 appellasse.
692 3722 760 3773 liae
769 3723 833 3772 Var-
875 3723 983 3786 ponenti
994 3723 1117 3786 uaricem,
1135 3721 1204 3772 refer
1215 3723 1248 3772 nd
1258 3723 1344 3787 iprum
1354 3723 1407 3774 Au·
1487 3739 1488 3776 ὲ

307 3809 345 3858 ro,
358 3794 403 3860 qui
414 3800 442 3845 et
452 3795 526 3846 aliam
539 3796 666 3848 rationem
676 3797 751 3862 bojas
763 3800 834 3850 vocis
875 3800 984 3861 muium,
1007 3800 1050 3866 qui
1073 3807 1129 3850 tum
1150 3799 1271 3850 Gratiani
1293 3801 1406 3854 casaris
1487 3815 1488 3846 i

305 3885 339 3922 ex
356 3870 416 3922 AElii
435 3872 628 3924 Commentario
646 3873 731 3938 affert,
752 3881 780 3925 et
798 3890 835 3926 ro·
874 3876 1028 3928 institutioni
1040 3876 1214 3928 incumbebat.

305 3943 383 4008 tellit,
399 3952 428 3995 et
444 3946 521 3998 aliam
531 3962 632 4012 quoqne
642 3965 713 4000 ruam
724 3949 834 4014 profert,
906 3957 938 4004 22
955 3953 1079 4017 leimam]
1093 3955 1154 4004 Sive
1166 3954 1279 4020 lectam,
1296 3960 1327 4008 ut
1336 3970 1406 4020 qna·

305 4021 353 4072 aed
374 4035 420 4074 ruo
437 4036 507 4072 more
525 4023 627 4088 malam,
646 4024 762 4076 refutata
783 4027 835 4076 leri
875 4027 1406 4096 dambnbentexemplnriasivelieotina,

306 4103 351 4148 aut
361 4099 432 4149 nullo
442 4098 609 4151 fundamento
621 4103 737 4165 Verginii
755 4103 833 4152 allata
873 4104 927 4153 sive
935 4105 1013 4156 ettam
1020 4108 1405 4171 praetermetrilegeslmttm

306 4174 469 4238 etymologia.
484 4175 833 4240 Solinus,Verginiumiltum
873 4179 953 4243 leges,
971 4191 1044 4234 certe
1063 4197 1094 4234 ea
1112 4183 1230 4238 innuitur
1245 4183 1312 4234 urbs
1327 4197 1402 4250 quun
