3034 4878
557 413 607 461 nn
632 413 841 462 nusonruu.
1178 397 1243 465 877

152 557 264 623 Credo
279 556 446 641 equidem,
462 563 497 622 et
510 565 661 622 metuens
676 557 785 622 studio
800 564 998 640 properante
1011 559 1139 636 laboro,
1175 555 1179 560 ’

154 659 192 723 Si
208 659 453 742 quadamque
469 664 574 722 morte
590 660 681 741 prius
696 677 796 740 quam
811 659 947 722 erimine
963 659 1085 724 solvar.

197 758 313 842 Hujus
328 761 361 824 iu
376 758 556 824 adventum
569 757 708 842 trepidis
722 759 800 823 mihi
816 759 953 824 credule
966 759 1059 824 fibris

154 859 268 925 Corde
283 867 431 938 tremunt,
445 861 610 944 gestitque
622 861 744 937 anima,
757 859 792 924 id
802 861 874 944 jam
888 870 991 926 cauta
1003 862 1116 939 futuri,
1178 863 1246 930 305

152 961 380 1028 Praemetueus
394 981 437 1026 ne
451 963 566 1034 vincta
581 961 678 1042 aegris
692 982 754 1046 pro
768 981 905 1046 corpore
918 964 1018 1041 curis,

153 1064 432 1147 Ponderibusque
445 1063 689 1148 peristeram,
703 1064 734 1129 si
747 1063 831 1128 forte
845 1084 965 1129 recuso

154 1164 339 1248 Increpitet
353 1166 434 1231 tube
450 1173 546 1229 vesta
560 1164 652 1247 polo,
665 1185 733 1229 uon
746 1165 857 1248 possit
871 1165 905 1228 in
915 1185 1017 1235 ‚auras

154 1265 260 1348 Regis
275 1265 318 1330 ed
332 1283 508 1332 occursum
521 1265 653 1330 levibus
669 1284 707 1330 se
721 1267 834 1334 tollere
848 1268 977 1350 pennis,

152 1367 245 1432 Inter
259 1368 388 1431 honora
401 1364 520 1438 volens
534 1366 735 1433 Sanctorum
747 1367 968 1446 milliecoelo,
1180 1367 1245 1435 310

156 1466 227 1546 Qui
241 1468 412 1550 perinane
425 1467 950 1552 leves,nequemundi·ooopede
964 1470 1096 1536 vinctos

155 1568 272 1633 Ardua
288 1569 323 1631 in
338 1573 428 1631 astra
441 1567 545 1650 pedes
561 1565 654 1634 secili
670 1568 839 1640 molimine
853 1569 991 1648 tollent3

153 1669 202 1735 Et
215 1669 337 1733 teneris
352 1668 439 1734 vecti
453 1687 514 1751 per
528 1667 639 1734 sidera
652 1667 806 1732 nubibus
812 1667 918 1746 ibunt,

155 1768 336 1834 coelestem
350 1769 512 1844 utmodio
528 1777 719 1836 venerentur
733 1769 766 1833 iu
781 1769 911 1852 agmine
925 1787 1047 1853 regern,

156 1870 325 1955 claraque
342 1869 478 1936 odorato
493 1871 697 1954 conjungent
712 1867 846 1955 agmine
859 1869 1004 1939 Christo.
1100 1923 1108 1938 .
1183 1871 1249 1941 315

127 1988 130 1993 ·
200 1972 270 2038 Hic
285 1979 394 2038 metus
408 1979 471 2050 est,
484 1971 578 2040 labor
591 1975 666 2052 iste,
678 1974 752 2042 dies
764 1994 807 2040 ne
821 1989 874 2038 me
887 1974 1023 2040 ultimus
1039 1973 1119 2043 etris

157 2074 314 2159 Sopitum
330 2076 473 2140 tenebris
488 2074 591 2140 sterili
606 2073 790 2157 deprendet
799 2075 835 2141 in
852 2079 942 2152 ectu,

154 2176 321 2259 Tempora
335 2178 397 2246 sub
414 2177 531 2242 vacuis
541 2177 718 2248 ¹ducentem
733 2177 861 2261 perdita
876 2176 976 2242 curis.

157 2276 248 2341 Nam
264 2276 344 2359 quid
360 2279 482 2358 egomt
505 2277 611 2340 lentis
625 2277 656 2341 si
671 2276 750 2343 dum
765 2277 927 2342 conniveo
941 2277 1040 2355 votis,

157 2379 310 2444 Christus
326 2380 369 2451 ab
385 2380 524 2444 aetheria
537 2378 620 2445 mihi
633 2380 786 2464 proditus
802 2399 878 2444 aree
892 2385 1056 2456 coruscet,
1186 2377 1251 2444 320

157 2481 204 2546 Et
216 2481 336 2545 'subitis
352 2480 490 2546 Domini
506 2481 595 2546 coelo
609 2481 774 2550 venientis
790 2485 906 2565 aperto
980 2500 985 2509 ·

158 2582 375 2648 Praestrictus
388 2583 503 2661 radiis,
518 2584 661 2652 obseura
675 2590 710 2648 et
722 2583 831 2650 tristia
846 2583 952 2648 noctis

141 2685 312 2767 ·‹Suffugia
326 2685 420 2751 illato
436 2685 595 2750 confusus
609 2685 918 2766 lumine-quoerant

203 2784 306 2864 Quod
319 2786 399 2849 mihi
412 2804 453 2848 ne
465 2791 596 2868 pareret
607 2785 662 2850 vei
673 2782 858 2854 diffidentia
870 2783 951 2860 veri,

158 2886 228 2953 Vel
242 2886 418 2971 praesentis
434 2905 526 2952 amor
539 2885 632 2964 vitae,
642 2903 818 2967 rerumque
833 2883 1001 2966 voluptas,
1186 2882 1251 2953 325

161 2988 363 3054 Gurarumve
377 2989 486 3065 labor,
499 2986 629 3073 placuit
643 2993 840 3070 praevertere
854 3003 955 3050 cesus

159 3089 353 3172 Proposito,
369 3097 404 3162 et
418 3108 517 3157 curas
531 3087 624 3153 finire
638 3088 813 3171 superstite
827 3087 916 3166 vitn3

159 3188 426 3272 commissisque
440 3189 515 3256 Deo
529 3193 665 3255 ventura
678 3187 855 3255 insaecula
869 3183 983 3264 rebus,

162 3290 354 3375 Expectare
370 3297 498 3357 trucem
509 3310 629 3359 securo
644 3296 779 3373 pectore
793 3294 940 3356 mortem.

161 3391 199 3456 Si
213 3392 325 3475 placet
337 3393 411 3470 hec,
424 3398 553 3473 gratare
569 3391 620 3456 tui
630 3409 694 3472 spe
708 3387 812 3454 divite
826 3389 944 3458 amisi:
1187 3388 1253 3454 330

162 3490 200 3556 Si
215 3498 329 3558 contra
341 3498 404 3572 est,
420 3492 552 3560 Christo
566 3496 693 3562 tautum
707 3509 760 3560 uro
773 3491 889 3575 linque
902 3490 1046 3578 probari.
1164 3569 1166 3572 ,

204 3661 267 3742 Ea,
283 3682 351 3746 qua
371 3663 527 3729 secundae
541 3662 683 3730 Ausonii
698 3659 861 3746 Ep'fltolee
880 3659 1060 3743 respondet
1076 3659 1253 3743 Baulipus,

67 3786 69 3791 ’
159 3763 246 3833 iuter
260 3762 409 3848 ejusdem
423 3763 584 3847 poemata
597 3763 741 3828 occurrit
754 3762 940 3827 undecima.

633 3955 760 4008 nNOTAE

195 4073 243 4120 8⁰8
266 4069 393 4135 increpitet
412 4066 548 4131 tubo1'Ex
569 4067 689 4118 Matthaei
728 4041 851 4118 communi.
884 4065 961 4116 Unde
980 4081 1030 4115 non
1048 4065 1125 4115 miror
1144 4064 1200 4114 iroec
1222 4065 1255 4114 ab

161 4147 310 4210 Evangelio.
378 4165 384 4174 ¹
729 4159 759 4194 eo
771 4158 822 4193 non
833 4143 980 4193 intellecta:
998 4141 1121 4209 siquidem
1133 4155 1164 4192 ee
1175 4141 1254 4191 lectio

195 4225 243 4272 828
268 4219 413 4283 commissis]
443 4220 560 4284 Legebat
579 4219 688 4271 Videtur
728 4217 1036 4270 nuliumefficitsensum.
1127 4227 1131 4234 ·
