3034 4878
562 396 768 446 runrocuu.
1148 380 1216 472 829Ι

155 540 188 603 2.
209 537 366 622 Troianis
383 538 544 620 usquead
561 539 759 604 Scamandri
773 538 919 604 fluminis
934 540 1065 604 alveum
1081 540 1162 621 luga
1180 545 1214 604 et

112 647 234 704 terrore
249 641 445 724 compulsiS,
469 661 545 704 cum
565 641 636 723 jam
660 631 789 723 longius
804 641 950 704 abeundi
975 642 1120 724 spatium
1145 660 1213 705 non

114 748 251 826 pateret,
285 743 318 806 in
346 743 424 825 ipso
451 763 547 806 amne
570 744 590 784 *
614 743 635 784 *
658 761 733 804 curn
760 741 883 808 flumen
906 742 1067 818 exundat,
1090 743 1137 808 ibi
1170 744 1212 806 ab

114 843 269 908 Achille¹
295 842 474 908 duodecim
490 841 709 925 Trojauorum
720 842 880 925 juvenum
896 842 1133 920 vinciuntur,²⁸
1155 846 1215 927 qui
1279 827 1283 842 ¹

7 981 10 998 -
115 944 267 1009 Patrocli
295 944 423 1009 inferiis
446 946 701 1008 immolarentur.
743 945 776 1007 3.
799 944 883 1026 Ipse
899 942 1074 1008 Vulcanus
1089 945 1214 1008 ardori-

114 1047 180 1110 bus
207 1048 278 1111 suis
306 1047 372 1111 vim
397 1047 552 1110 torrentis
576 1046 696 1110 exurit.
740 1046 826 1109 Tam
849 1046 883 1108 in
908 1063 1062 1127 campum
1079 1034 1219 1111 Achille

115 1167 304 1232 progresso,
327 1148 455 1230 passim
472 1148 589 1212 studia
606 1149 838 1229 Deorum-pro
860 1134 921 1210 sna
943 1148 1100 1230 singulari
1124 1153 1216 1230 partc

116 1249 318 1332 depugnant.
377 1249 599 1332 Trojanorum
628 1249 809 1325 exercitae,
843 1249 986 1313 instante
1014 1251 1157 1327 victore,
1180 1251 1216 1314 in

115 1352 242 1416 uroenia
255 1353 348 1416 urbis
367 1352 569 1435 impingitur.
1215 1355 1219 1364 '

152 1552 212 1601 Cum
225 1551 335 1612 Trojano
343 1553 404 1601 ocra
408 1551 472 1614 fogo
484 1558 508 1600 et
522 1551 654 1612 formidine
671 1552 702 1600 od
719 1551 785 1614 ripas
800 1553 949 1616 uoquefluoir'
959 1553 1157 1615 Scamandrijnm
1172 1565 1218 1603 non

117 1622 223 1679 opertum
235 1623 294 1666 esset
302 1618 404 1680 spatium
412 1617 457 1665 loci
466 1631 511 1678 qua
517 1616 630 1676 fregerent
640 1617 747 1673 ulterius,
757 1617 783 1665 ln
794 1617 922 1679 ipsostuoio
940 1617 955 1646 ¹*
972 1617 987 1646 ¹*
1003 1618 1018 1647 ¹*
1034 1621 1218 1681 quandofluoiue

84 1711 85 1714 =
116 1679 249 1744 effunditur
259 1687 329 1729 extra
340 1683 440 1742 alueum,
450 1680 485 1729 toi
495 1680 720 1740 duodeeirnjuoenes
733 1681 829 1740 trojam
838 1683 945 1741 ligantur
953 1681 982 1728 alr
995 1681 1107 1740 Aelu'lle‚·
1118 1689 1145 1730 ut
1156 1699 1215 1731 moe.

117 1748 265 1795 torenturad
276 1745 377 1805 inferiae
391 1746 508 1794 Patrocli.
542 1746 597 1808 Ipse
613 1746 732 1794 Vulcanus
743 1746 857 1793 consumit
862 1746 1221 1808 smroresuooquamtorrentts'

117 1811 191 1858 illius.
224 1810 286 1858 Mox
302 1825 354 1858 eum
371 1808 477 1858 Achilleo
494 1810 623 1871 prodiisset
641 1809 667 1856 ln
681 1809 812 1872 planitiem,
817 1808 892 1869 fooor
902 1807 1008 1858 nerum
1017 1809 1107 1858 militdl
1119 1811 1157 1858 hle
1168 1809 1218 1858 r'tlr'e

117 1887 162 1936 pro
171 1879 240 1936 porte
249 1889 318 1937 quom
327 1874 373 1922 ridi
384 1875 446 1936 cepit
457 1875 587 1924 tutandum.
621 1873 750 1922 Exercitus
763 1875 851 1922 Trotnn
861 1875 1009 1936 compellitur
1019 1873 1045 1923 tn
1055 1875 1218 1935 murosurbis,

120 1939 208 1987 uictore
216 1943 369 2002 persequente
381 1953 442 1988 euru.

577 2067 623 2098 m
624 2077 758 2098 ooooooooo

154 2201 167 2244 1
186 2193 312 2244 ‘Lacuna
326 2193 379 2254 hle,
395 2206 441 2244 sen
453 2193 573 2244 mendum
592 2195 669 2245 inest.
695 2195 848 2258 suspicatur
858 2195 970 2245 Tullios:
991 2197 1119 2260 qmnquom
1129 2174 1228 2260 flumen*

120 2259 264 2317 exundabat,
275 2259 305 2307 oh
314 2259 416 2318 Achille,
433 2261 475 2322 ire.
487 2259 555 2323 quod
573 2259 599 2308 iu
618 2258 730 2308 medium
743 2260 870 2325 relinquo,
888 2275 971 2324 neque
983 2262 1072 2309 melius
1083 2262 1220 2326 quicquam

119 2323 219 2373 habeo!
238 2323 431 2374 Furtum-af
443 2323 481 2372 Ah
492 2324 524 2372 A.
543 2337 596 2374 ιιι.
613 2325 688 2372 mtuto
701 2358 707 2372 .
721 2347 727 2372 .
742 2325 808 2373 Τ...
822 2325 931 2384 jaceres
949 2325 1086 2388 morantur]
1113 2327 1219 2390 Expun-

119 2387 207 2502 {enda
224 2395 269 2463 ‘est
290 2386 334 2437 illa
355 2386 447 2450 dictio,
463 2388 556 2437 millio:
577 2396 605 2439 et
624 2387 761 2452 legendum
782 2403 834 2438 non
855 2391 979 2438 uincuntur
1001 2390 1046 2440 sed
1067 2391 1219 2440 vinciuntur!

148 2465 272 2502 ccursrns.

613 2548 725 2600 NOTAE

155 2660 308 2710 ⁸'Duodecim
319 2658 591 2721 Troju'rrmumju'cenum
601 2660 654 2710 oin·
693 2675 764 2711 cram
773 2669 899 2712 mactatos
906 2657 1017 2726 juvenes
1027 2649 1159 2714 referenti.
1179 2662 1221 2714 Ad

122 2736 228 2800 ciuntur]
245 2735 352 2800 Optime
364 2736 504 2788 Accursius
523 2738 560 2786 uic
579 2752 653 2799 rspo-
693 2736 742 2786 hoc
751 2739 897 2800 exemplum
906 2739 1000 2801 Virgil.
1010 2739 1115 2786 AEnenm
1124 2740 1223 2788 inducit

124 2815 186 2876 suit,
201 2828 264 2876 pror
280 2813 402 2862 domata
412 2813 501 2862 millia:
516 2819 544 2861 et
557 2813 653 2862 cincun·
693 2825 744 2860 non
756 2810 903 2872 drrcdecim,
923 2812 967 2860 sed
984 2819 1042 2861 octo
1054 2813 1164 2875 juvenes
1183 2827 1223 2862 ra·

124 2897 172 2940 tur.
207 2889 341 2938 Consonat
362 2903 419 2938 cunr
446 2889 571 2950 Homero,
593 2889 654 2938 toti·
694 2886 819 2950 pientem,
835 2887 964 2936 Pallantis
980 2888 1076 2938 umbris
1092 2889 1223 2938 inrnrolsn·

125 2966 184 3016 dem
203 2971 304 3028 captos,
326 2970 354 3014 et
373 2963 547 3015 sd.Patrocli
567 2964 653 3027 sepul·
693 2961 749 3012 dos.

374 3232 566 3284 rnnroorrn
584 3233 686 3282 xxrr.
711 3231 878 3280 ruranos.
920 3215 987 3282 442

248 3379 454 3447 Pulso-metu
477 3378 638 3467 Phrygios
661 3379 835 3444 lustrabant
857 3383 984 3467 agmina
1006 3393 1117 3446 muros.

171 3537 205 3602 2.
230 3535 362 3599 Hector
386 3531 546 3615 singulari
569 3529 746 3596 certamine
761 3550 837 3594 cum
850 3529 984 3597 Achille
1010 3534 1226 3616 congreditur,

115 3639 265 3706 »Priamo
282 3642 384 3719 atque
406 3633 564 3712 Hecuba,
590 3653 634 3698 ne
649 3641 825 3717 pugnaret,
853 3636 1047 3699 orantibus:
1072 3635 1228 3701 Minerua

130 3739 347 3815 econtrario,
374 3736 504 3820 specio>
521 3736 700 3819 Deiphobi,
723 3744 760 3804 at
782 3737 920 3801 dimicet
943 3736 1150 3802 adhortante.
1195 3738 1226 3800 3.

131 3841 261 3908 Hector
275 3837 479 3917 interfectus,
501 3843 534 3902 ct
549 3838 707 3921 religatus
723 3837 765 3902 ad
782 3857 923 3912 currum,
946 3842 995 3900 ter
1008 3837 1130 3900 circum
1145 3856 1227 3902 moe*

166 4042 281 4089 Cohorleo
287 4039 383 4101 fugator
391 4037 475 4086 timore
486 4037 579 4086 odibant
591 4036 675 4085 menia
688 4035 798 4094 Traiana.
1197 4081 1205 4096 .

164 4105 257 4152 Hector
266 4105 366 4154 consuit
384 4117 488 4166 pugnam
498 4101 642 4163 singularem
652 4115 705 4150 cum
715 4099 814 4160 Achille,
826 4097 880 4147 lieet
892 4097 1003 4146 Priamus
1012 4103 1035 4146 et
1049 4091 1146 4146 Hecuba
1156 4095 1230 4145 obtes-

129 4175 241 4217 tarentur
250 4183 303 4218 eum
312 4183 341 4216 ne
349 4169 495 4216 decertaret.-
512 4171 655 4215 cumcontra
667 4165 747 4212 Pollae
757 4164 799 4210 suh
810 4163 892 4222 formo
903 4161 1023 4224 Deiphobi
1033 4163 1168 4210 hortaretur
1177 4175 1229 4209 eum

130 4236 162 4282 ad
172 4236 332 4296 pugnandum.
366 4231 457 4281 Hector
467 4230 564 4292 occicus,
585 4234 608 4279 ct
625 4232 717 4284 cinctus
734 4229 764 4276 od
782 4233 885 4289 currum,
905 4227 1009 4276 trahitur
1023 4231 1060 4276 ter·
1075 4227 1138 4276 circo
1153 4240 1231 4275 muros
