3034 4878
547 400 598 449 no
621 378 831 452 russelun.
1165 391 1232 458 879

143 541 167 608 J
170 547 290 608 unctus
305 561 396 608 eram
411 543 541 611 studiis.
587 546 666 611 Hoc
679 565 740 611 uec
755 549 906 628 gestasse
921 545 1055 629 quidem
1070 565 1123 614 me

143 641 289 710 Assoro:
310 664 453 730 namque
468 665 564 730 pares
577 648 720 712 subeunt
728 647 830 730 juga:
852 665 948 712 uemo
965 646 1115 713 valentes

145 745 291 829 Copulat
304 746 460 812 infirmis:
483 765 591 833 neque
603 755 681 814 suut
695 748 875 814 concordia
886 748 1003 827 fraena,

143 846 182 910 Si
195 848 240 911 sit
252 847 435 930 compulsis
448 867 602 912 mensura
609 849 777 933 jugalibus
792 851 910 934 impar.

143 947 181 1012 Si
196 948 337 1014 vitulum
351 955 457 1027 tauro,
472 949 525 1014 vel
538 969 658 1032 equum
672 953 850 1016 committis
865 965 1000 1036 onagro,

144 1047 182 1112 Si
197 1048 330 1112 confers
343 1049 464 1114 fulicas
479 1051 608 1132 cycnis,
622 1056 655 1113 et
670 1051 800 1116 aedona
811 1071 929 1137 parrae,

143 1147 320 1214 Castaueis
336 1151 477 1234 corylos,
500 1169 616 1235 aequas
630 1151 769 1217 viburna
783 1155 965 1238 cupressiS,

143 1250 203 1315 Me
218 1269 380 1334 compone
394 1250 476 1316 tibi:
497 1251 558 1316 vix
567 1253 700 1318 Tullius
713 1261 747 1320 et
762 1255 860 1322 Maro
875 1263 988 1322 tecum

144 1352 337 1416 Sustineant
347 1352 476 1434 aequale
485 1351 621 1436 jugum:
644 1354 674 1418 si
685 1354 805 1438 jungar
819 1376 942 1437 amore,

143 1453 225 1518 Hoc
239 1460 368 1518 tantum
381 1454 442 1518 tibi
456 1474 510 1519 me
519 1455 649 1538 jactare
663 1458 796 1522 audebo
805 1460 952 1542 jugalem
965 1481 975 1542 ;

142 1553 224 1632 Quo
238 1555 404 1620 modicum
419 1556 522 1621 sociis
537 1575 656 1640 magno
671 1559 836 1623 contendit
849 1560 988 1625 habenis

142 1655 264 1720 Dulcis
279 1656 427 1722 amicitia
440 1663 563 1723 aetemo
576 1660 658 1725 mihi
671 1658 795 1724 loedere
809 1666 931 1739 tecum,

143 1754 189 1821 Et
199 1757 338 1838 paribus
349 1777 482 1841 semper
494 1759 685 1826 redamandi
697 1761 830 1844 legibus
846 1780 954 1844 aequa.

144 1855 225 1921 Hoc
239 1864 352 1923 nostra
365 1859 494 1924 cervice
504 1859 623 1943 jugum
637 1880 702 1926 non
715 1881 828 1926 scaeva
842 1860 977 1927 resolvit

143 1957 283 2036 Fabula,
296 1979 363 2023 uon
379 1961 476 2024 terris
491 1961 642 2028 absentia
655 1960 757 2046 longa
770 1963 911 2028 diremit.

143 2059 220 2125 Nec
235 2060 387 2143 perimet,
403 2067 477 2126 toto
491 2062 572 2127 licet
585 2065 755 2128 abstrahar
770 2065 861 2143 orbe,
874 2063 929 2130 vel
940 2080 1026 2130 aevo.

143 2161 327 2244 Nunquam
342 2163 455 2230 animo
466 2163 595 2230 divisus
610 2184 726 2247 agam:
747 2165 840 2248 prius
854 2167 930 2249 ipsa
940 2164 1072 2232 recedet

143 2260 294 2346 Corpore
308 2263 378 2329 vita
391 2283 481 2343 meo,
494 2283 595 2348 quam
609 2270 716 2330 vester
730 2271 865 2348 pectore
880 2265 1003 2330 vultus.

188 2435 262 2520 Ego
275 2446 310 2502 te
325 2441 385 2523 per
397 2459 493 2503 omne
507 2439 596 2523 quod
614 2440 730 2506 datum
745 2441 938 2508 mortalibus
959 2464 964 2471 ·

229 2537 274 2603 Et
287 2539 486 2604 destinatum
501 2539 662 2606 saeculum
678 2550 742 2622 est,

184 2639 369 2706 claudente
382 2642 490 2707 donec
503 2643 698 2708 continebor
713 2664 862 2728 corpore,

229 2742 413 2808 Disceruar
427 2745 507 2807 orbe
522 2744 683 2826 quolibet,

185 2841 262 2906 Nec
275 2843 355 2907 orbe
368 2843 477 2924 louge,
491 2862 553 2908 uec
567 2851 729 2909 remotum
743 2844 879 2923 lumine,

228 2944 366 3009 Tenebo
380 2944 472 3008 fibris
485 2944 631 3023 insitum,

186 3039 321 3110 Videbo
335 3044 447 3123 corde,
460 3051 570 3110 mente
584 3046 786 3129 complectar
796 3045 857 3130 pia

230 3143 367 3231 Ubique
381 3152 575 3233 praesentem
590 3147 681 3212 mihi.

188 3245 320 3311 Etcum
335 3250 465 3314 solutus
479 3248 647 3331 corporali
662 3267 807 3327 carcere,

232 3349 402 3432 Terraque
416 3349 648 3433 provolavero,

189 3447 269 3528 Quo
283 3471 335 3516 me
349 3451 470 3516 locarit
483 3471 549 3517 axe
565 3450 749 3519 communis
764 3450 878 3530 Pater,

232 3551 306 3617 Illic
322 3572 453 3637 quoque
468 3560 502 3618 te
518 3553 630 3618 auimo
643 3571 766 3634 geram.
1193 3555 1237 3619 60

638 3713 749 3766 NOTAE

178 3816 210 3862 td
226 3810 333 3873 Felices]
348 3809 420 3860 Ares
439 3811 527 3874 nigras
547 3811 671 3861 columbis
711 3812 771 3861 olim
782 3811 888 3873 dietam,
905 3823 963 3875 qnae
974 3815 1066 3874 postea
1077 3807 1179 3859 Gallim
1193 3823 1237 3859 ro·

145 3888 215 3940 hand
226 3887 348 3951 majores,
362 3885 493 3936 itadictas
512 3901 528 3936 a
546 3886 672 3950 fuliginae
711 3885 892 3935 cabuloetiam
907 3884 999 3947 legioni
1016 3897 1110 3932 nemen
1128 3884 1238 3933 dederat

144 3967 240 4016 colore.
272 3960 340 4012 Vide
352 3960 467 4011 Cbarlet.
477 3960 510 4009 de
522 3961 630 4011 Avibus.
711 3961 830 4012 Alaudae.
857 3961 1055 4021 Hediadloitu,
1065 3957 1160 4009 illustri
1171 3959 1238 4023 pria·

180 4039 276 4103 Purra]
292 4038 473 4103 Hujuscearis
488 4038 604 4086 meminit
618 4037 671 4087 Pli-
711 4037 736 4085 cl
746 4035 854 4084 nominis
865 4035 959 4084 Gallici
971 4033 1087 4095 vestigio.
1102 4034 1206 4082 Vinctus.
1235 4095 1242 4108 ι
1273 4075 1275 4082 χ

145 4119 203 4169 uim
214 4115 286 4166 Hist.
297 4114 342 4166 lib.
355 4128 387 4164 rr.
405 4112 450 4163 nbi
466 4114 546 4163 docet
562 4112 598 4161 illl
618 4112 672 4175 api·
742 4115 776 4160 49
794 4112 849 4172 Ego
870 4115 894 4159 te
912 4123 955 4172 per
975 4107 1052 4171 omae]
1077 4107 1170 4158 Priora
1190 4123 1238 4160 ιιιι

147 4191 311 4248 comensem
323 4190 425 4256 capitae
444 4187 512 4241 nude
530 4189 672 4240 Galerium
711 4186 826 4237 Iubiea
837 4183 1088 4236 resumltl’aoliuur.
