3026 4898
572 357 826 406 associatum.
1177 347 1242 410 613

150 499 252 562 Libra
266 499 375 580 igitur,
397 503 503 562 totum
519 499 548 562 si
563 499 652 563 nulla
667 500 812 585 inparia
828 503 971 566 vacillet.

149 601 324 677 Ponderis,
339 605 371 664 et
384 600 522 677 numeri,
534 618 739 684 morumque,
755 613 969 685 operumque,
990 610 1024 670 et
1036 623 1196 687 aquarum

150 701 270 765 Libra:
292 721 353 765 neo
367 709 419 765 est
433 701 601 780 modulus,
623 723 724 786 quem
739 722 805 765 non
820 703 885 767 boc
901 706 1030 769 nomine
1045 708 1165 788 signes.

148 800 309 880 Telluris,
331 802 444 866 medio
460 822 536 885 quae
552 803 674 887 pendet
688 805 721 868 in
736 801 824 882 aire,
847 806 932 870 libra
947 814 1009 884 cst,

147 901 195 964 Et
210 903 301 967 Solis
323 905 495 988 Lnnaeque
511 906 583 970 vias
595 925 657 970 sua
671 907 757 970 libra
769 907 910 972 co'ercct.
1195 911 1239 977 30

148 1003 251 1068 Libra
265 1006 319 1069 die
334 1009 511 1090 somnique
527 1027 626 1090 pares
642 1007 840 1073 determinat
854 1011 962 1076 boras
1041 1041 1043 1054 =

146 1104 252 1170 Libra
267 1106 467 1172 Caledonios
483 1109 556 1174 siue
570 1110 683 1175 littore
702 1112 851 1176 continet
866 1121 981 1179 aestus.

145 1206 200 1270 Tu
216 1227 353 1291 qnoque
368 1215 459 1275 certa
472 1230 570 1276 mane
584 1231 710 1276 morum
724 1213 805 1277 mibi
820 1213 1079 1280 libramentum.

143 1364 225 1421 parter
235 1356 341 1421 sepiem?
356 1359 430 1408 Ltom
444 1370 501 1422 ergo
514 1360 571 1421 crit,
587 1361 683 1409 siletur
693 1375 720 1410 us
735 1375 783 1410 non
797 1362 951 1424 labefactetur
960 1364 986 1412 iu
994 1365 1129 1426 portentis.
1162 1363 1237 1414 mun
1251 1376 1254 1380 ·

142 1428 234 1485 spectat
245 1425 276 1472 ad
284 1425 381 1486 pondus,
392 1439 521 1485 summum,
531 1439 615 1484 mores,
624 1440 702 1487 opera,
713 1431 737 1474 et
747 1442 833 1488 cquae:
850 1443 921 1490 neque
935 1430 983 1478 ulla
996 1433 1032 1477 esi
1043 1442 1161 1490 mensure,
1169 1443 1237 1491 quam

143 1503 191 1535 non
199 1489 273 1550 possis
282 1489 397 1550 appellere
407 1487 450 1536 boc
459 1490 558 1538 nominc.
592 1489 665 1538 Terra
674 1503 725 1552 ques
740 1491 869 1541 monetur
887 1494 913 1540 in
928 1494 1001 1541 medio
1012 1492 1075 1553 aire,
1086 1491 1155 1542 iubet
1169 1501 1236 1540 sunm

141 1551 234 1600 tiorum.
266 1552 341 1600 Libro
350 1567 437 1616 qnoque
443 1555 540 1616 propria
549 1555 613 1614 regit
624 1553 673 1602 sins
684 1555 747 1602 Selia
758 1559 781 1602 et
792 1555 874 1604 Luna.
907 1557 1051 1616 biornsucit
1062 1558 1238 1620 equaleslroras

143 1616 202 1677 diei,
212 1623 235 1664 et
247 1617 328 1665 noctis.
364 1617 435 1665 Libro
445 1617 533 1666 co'e'rcet
544 1617 746 1666 intumescentium
758 1619 846 1668 Oceani
858 1621 980 1669 Caledonii
989 1621 1073 1684 ubsque
1083 1638 1125 1684 ope
1140 1621 1237 1669 littoris.

144 1677 181 1728 tia
191 1681 271 1738 eiiam,
282 1697 295 1730 o
306 1681 376 1744 libra,
383 1681 417 1748 sis
425 1681 484 1730 milri
490 1692 580 1745 semper
589 1682 744 1732 deterrninnts
754 1682 836 1745 regnis
845 1698 947 1734 meorum
955 1699 1052 1734 morum.
1151 1738 1157 1755 ι

601 1801 779 1831 ηουηόυοο

142 1893 313 1952 reperim-tt
330 1890 441 1940 Veteres
452 1890 609 1941 membranae
618 1892 779 1944 babuerunt:
797 1893 871 1943 Libra
881 1893 924 1957 dii,
936 1894 1049 1957 prodici.

636 2007 746 2056 NOTAE

174 2104 206 2152 25
232 2101 306 2161 cous
325 2098 393 2151 iiico
412 2117 469 2166 pnes
489 2103 596 2167 septimo,
618 2118 668 2167 rep·
740 2103 770 2154 ii
788 2103 922 2167 uibrcdie,
938 2103 991 2167 uc]
1009 2099 1177 2165 virgilianum
1195 2106 1236 2151 est

142 2177 214 2240 turn]
230 2177 314 2226 ‘Pars
336 2177 457 2240 septima’
480 2179 567 2230 dorius
592 2181 669 2243 paulo
709 2180 735 2229 in
747 2179 902 2243 Georgicis:
923 2175 1018 2229 ‘Libra
1040 2174 1082 2227 die
1102 2176 1235 2240 somnique

140 2254 184 2303 bic
207 2253 322 2316 ponitur,
349 2267 396 2316 pro
418 2256 537 2319 ‘septem
564 2262 669 2320 pertesi
708 2252 1046 2319 puresubifeceritbnras.’
1078 2251 1235 2302 ‘Dio’auti·

138 2330 258 2393 neptune
269 2331 365 2393 quippe
376 2338 478 2394 septem
494 2334 668 2383 continetur·
709 2341 786 2396 quum
799 2343 845 2394 pro
855 2330 923 2380 Diei.
956 2329 1008 2378 Hic
1024 2329 1121 2391 tegitur
1136 2329 1163 2376 in
1180 2329 1234 2392 pie·

138 2408 202 2456 cies.
235 2407 340 2456 Mutare
355 2413 441 2457 tentat
451 2407 607 2472 Gronovius,
623 2409 668 2458 sed
709 2408 794 2472 risque
806 2408 852 2457 Dii
863 2412 1023 2456 contractum
1036 2419 1083 2468 pro
1094 2403 1166 2452 Diei.
1193 2403 1234 2452 Li-

138 2481 244 2531 irustra.
280 2482 510 2546 Durumquidem,
527 2490 555 2532 et
574 2485 600 2534 in
619 2485 667 2534 boc
708 2483 879 2534 humentem
891 2483 1058 2544 bicinteilige
1072 2480 1171 2544 signum
1184 2479 1234 2528 Ζο-

88 2581 92 2584 -
138 2557 219 2620 ροὸῑα
228 2555 381 2618 ferendum
399 2558 472 2621 cnjus
484 2561 630 2623 exemplum
641 2561 667 2610 in
708 2559 784 2622 disci,
800 2559 826 2608 in
838 2559 909 2621 cujus
921 2557 1003 2620 primo
1014 2561 1110 2618 puncto
1120 2569 1178 2604 cnrn
1190 2555 1240 2603 Sol

137 2630 256 2681 Martiali
268 2632 392 2696 reperias,
409 2633 454 2684 lib.
464 2647 528 2684 vrtr.
539 2635 616 2700 Epig.
627 2640 666 2686 io.
706 2633 996 2697 transmontanorum
1008 2637 1047 2680 est
1059 2628 1234 2690 Autumnale3

135 2708 210 2756 ‘Dat
220 2708 340 2771 populus,
356 2707 402 2757 dat
414 2717 503 2773 gratus
515 2724 604 2774 eqtres,
621 2712 667 2761 det
706 2723 764 2759 cnm
776 2717 881 2757 vernum
892 2707 927 2756 sit
937 2706 963 2754 iu
976 2706 1058 2768 ptimo
1070 2702 1234 2766 punctoriri·

135 2783 336 2846 thuresenetus,
351 2785 386 2833 Et
396 2785 473 2834 litant
489 2785 571 2834 betia
589 2788 667 2836 tertia
706 2784 766 2833 etis.

136 2860 204 2908 dona
231 2858 341 2908 'Prilius'
380 2861 431 2910 Ubi
456 2861 555 2910 ‘tertia
582 2860 665 2922 doun‚’
738 2863 771 2908 32
788 2853 1024 2918 LibroCuicuonios]
1040 2853 1233 2902 libramentum

135 2940 213 2983 terno
223 2949 269 2982 seu
281 2933 331 2982 tria
343 2934 510 2998 intelligenda
521 2943 589 2986 sunt.
618 2937 666 2986 Est
707 2948 789 2996 aquae.

135 3011 204 3057 enirn
215 3009 332 3073 quedam
350 3009 529 3072 recapitulatio
542 3011 665 3059 donorum
738 3008 812 3065 Libro
825 3004 961 3055 Caledonios
971 3003 1021 3053 sine
1032 3002 1121 3063 littore,
1138 2999 1190 3066 irc]
1207 2999 1232 3049 Α

135 3085 236 3147 popuii,
249 3084 381 3147 Equitum,
392 3090 419 3132 ct
429 3083 549 3134 Senatus.
706 3081 846 3133 Caledonia
867 3079 946 3144 Sylva
965 3076 1107 3126 Britannica
1131 3075 1233 3139 insulae,

168 3161 200 3210 nt
219 3163 252 3210 El
270 3173 382 3224 equorum
403 3159 489 3226 Libro]
506 3161 665 3212 Instrumen·
706 3157 861 3209 Caledonios
874 3161 953 3204 aestus
972 3153 1039 3202 dixit
1058 3153 1157 3201 Oceani
1175 3153 1232 3200 Bri·

135 3245 191 3287 tutn
204 3237 236 3286 ad
255 3236 387 3300 fastigium
407 3252 452 3286 seu
473 3237 665 3288 inclinationem
705 3235 812 3308 tennici.
856 3231 982 3294 Respexit
1005 3227 1175 3292 proculdubio
1199 3229 1233 3277 ad

134 3314 249 3364 locorum
262 3314 515 3378 deprehendendam,
533 3315 565 3365 ad
579 3329 665 3381 aqnae·
704 3312 771 3361 bunc
794 3307 873 3359 Plinii
895 3309 979 3356 locum
1000 3302 1044 3354 lib.
1064 3317 1097 3353 rr.
1114 3313 1174 3366 cap.
1191 3303 1232 3353 oi.

134 3391 432 3442 duciusconstrnendos.
444 3391 664 3443 VideVitrurium
704 3385 863 3448 '‘Octogenis
875 3383 970 3432 cubitis
979 3387 1057 3444 snpts
1072 3379 1232 3429 Britanniam

133 3465 181 3515 llb.
194 3476 257 3515 urit.
277 3481 335 3531 cap.
345 3471 369 3516 6.
385 3459 430 3516 ubi
451 3467 501 3517 tria
518 3466 664 3531 hujusmodi
703 3465 876 3515 intumescere
895 3465 972 3509 astus
991 3456 1101 3522 Pythias
1120 3455 1232 3507 Massili-

132 3541 663 3606 instrumentaconrmernorst,Dioptrant,
703 3540 772 3590 ensis
800 3546 893 3588 srrctor
915 3543 963 3586 est.
994 3535 1123 3584 Interiora
1144 3541 1230 3583 nutem

134 3614 240 3666 Libram
252 3618 390 3681 aquariam,
402 3623 429 3666 et
441 3617 614 3666 chorobaten.
702 3617 783 3667 maris
795 3615 870 3665 tertis
880 3611 1035 3663 clauduntur
1047 3619 1076 3662 nt
1088 3609 1181 3675 portu!
1208 3609 1231 3660 E

165 3699 198 3744 29
217 3691 327 3754 Telluris,
351 3695 435 3756 medio,
456 3693 510 3756 isc]
536 3691 663 3756 Respexit
701 3693 791 3742 littore
803 3689 906 3754 qrridern
917 3700 988 3737 snare
999 3687 1180 3750 spectantibus
1191 3693 1231 3734 tu·

135 3771 169 3820 ud
189 3771 236 3818 bns
260 3767 350 3818 Ovidii
372 3783 461 3818 versus
479 3769 557 3822 lib.1.
576 3771 662 3818 Meta·
702 3782 772 3818 mere
784 3767 809 3816 in
820 3767 898 3816 altum
909 3764 1021 3824 videtur,
1038 3763 1084 3813 sed
1099 3761 1230 3812 littoribus

132 3845 234 3909 morpir.
254 3845 330 3894 ‘Nec
353 3843 509 3894 circumfuso
531 3844 662 3908 pendebat
702 3856 767 3909 opus
777 3854 834 3894 essa
852 3844 884 3892 ad
902 3841 1084 3892 continendum
1096 3840 1230 3889 Oceanum

132 3923 159 3972 in
181 3921 241 3971 aiire
263 3922 350 3983 tellus,
373 3919 538 3971 Ponderibus
567 3917 663 3968 librate
702 3921 763 3970 satir
784 3919 881 3969 docent
906 3924 946 3967 tot
968 3919 1044 3966 variis
1070 3912 1229 3977 temporibus

132 3995 201 4048 suit?
702 3995 842 4046 submersae
858 3993 987 4056 regiones,
1002 3998 1031 4040 et
1050 4001 1148 4038 summa
1166 4001 1229 4036 cura

165 4071 198 4122 80
215 4073 266 4122 Sua
276 4071 348 4136 oui]
364 4071 416 4122 Sua
431 4071 604 4122 determinata
623 4085 661 4121 se·
701 4069 812 4120 subinde
824 4065 969 4118 reficiendis
984 4068 1011 4115 iu
1030 4062 1169 4114 Hollaudis
1188 4063 1228 4117 iit.

132 4151 206 4213 mita,
217 4149 343 4199 zodiacus
355 4150 455 4200 scilicet
466 4151 585 4201 circulus.
702 4152 786 4198 inrum
798 4148 887 4197 moles.
1179 4166 1185 4174 ·
