3026 4898
587 367 768 423 annnam.
1150 377 1220 448 ,563

133 495 180 564 Et
193 501 285 582 quod
295 501 448 582 germano
462 505 604 573 mixtum
618 513 706 576 male
720 515 880 582 letiferum
1043 526 1133 594 mini

134 599 308 664 Lintribus
322 602 357 666 ln
371 604 511 684 geminis
526 613 714 676 constratus
728 621 831 696 ponto
848 618 904 695 sit,
926 639 970 684 an
1020 631 1132 706 ponsl
1176 633 1218 697 10

133 698 299 765 Bucolico
314 721 411 786 sepes
425 705 510 770 dixit
525 707 633 787 Maro,
656 731 713 776 our
727 712 845 780 Cicero
1029 731 1131 808 sepsi

132 798 214 864 Vox
229 801 340 879 solita,
362 809 396 867 et
410 806 538 870 cunctis
553 811 734 892 notissima,
757 815 787 878 ai
802 836 974 899 memores,
1068 827 1131 898 lac,

132 897 203 965 Gur
216 901 463 983 condemnetur,
484 908 571 972 ratio
586 911 691 992 magis
706 920 743 977 ut
756 916 860 1000 faciat
1040 925 1131 991 lacti

130 997 582 1085 AnLibyaeieralemalum,
604 1010 650 1074 sit
665 1009 891 1082 Romulavox
1028 1028 1129 1108 sepsi

128 1196 192 1244 rum,
203 1199 255 1233 enm
263 1200 383 1248 perperam
393 1188 493 1239 tumber
500 1192 630 1253 promiscue
640 1210 684 1258 pre
701 1202 834 1260 emunire
849 1205 1022 1257 medicamento.
1047 1213 1086 1259 Aa
1096 1217 1175 1275 perte,
1183 1230 1215 1265 aa

126 1260 188 1308 porra
198 1247 308 1298 (luendae
324 1251 413 1312 rit‚qui
428 1253 553 1303 induebar
567 1258 682 1308 naviculis
697 1267 786 1312 rtrntur
799 1263 851 1316 eati
872 1269 987 1330 Virgilius
997 1273 1061 1320 dizit
1078 1273 1215 1328 lucerniae

128 1309 241 1360 Bucolico
249 1326 322 1375 repra,
333 1328 403 1375 quara
415 1315 496 1366 caere
506 1318 569 1366 dicit
576 1319 646 1382 repr?
672 1323 721 1374 Lac
731 1332 766 1374 ert
775 1329 907 1380 bumbulum
915 1333 1026 1384 usitatum
1037 1341 1061 1384 ai
1071 1339 1215 1390 murinum

129 1373 245 1434 omnibu,
254 1375 277 1422 ri
284 1377 457 1441 pronuntietur,
466 1395 538 1441 quare
552 1383 684 1448 meter,
694 1390 751 1437 αάεο
761 1395 789 1437 et
802 1393 864 1441 ratio
877 1396 978 1456 postulet
989 1403 1016 1446 at
1025 1400 1104 1460 potiar
1120 1402 1214 1452 dicatur

126 1434 196 1487 lact?
217 1437 258 1488 Aa
267 1438 447 1502 repastinatum
461 1445 548 1493 murm
557 1445 648 1506 Africa
658 1450 691 1499 rit
706 1452 779 1502 dictio
789 1455 896 1510 baliau?
919 1458 948 1508 di
965 1461 1043 1511 mm
1058 1463 1099 1514 ille
1115 1471 1161 1529 art,
1172 1467 1214 1529 qai

628 1597 737 1650 No'rlss

127 1677 164 1726 Et
180 1677 254 1727 initio
272 1685 380 1743 capla.
402 1681 475 1733 ‘Sile
491 1677 600 1750 'pingere
613 1689 651 1738 in·
690 1692 878 1746 medicamento
896 1700 1055 1763 cognomine,
1080 1701 1214 1756 cinnabari

126 1752 236 1801 atituere
246 1753 320 1816 primi
331 1754 490 1820 Polygnotus
501 1765 528 1808 et
544 1761 650 1826 Mycou,
691 1766 792 1818 scilicet
803 1769 895 1831 ludim,
914 1786 959 1822 reu
977 1775 1099 1839 sangnine
1113 1778 1212 1828 Draco·
1313 1772 1317 1779 ’

126 1825 217 1876 Attico
235 1827 370 1879 duntaxat.
404 1832 462 1882 Hoc
479 1840 570 1884 aerata
588 1841 650 1887 atae
690 1839 745 1901 nir3
774 1841 861 1908 sicque
883 1859 1007 1896 venenum
1027 1863 1074 1912 pro
1098 1851 1212 1903 remedio

127 1901 162 1950 ad
170 1902 266 1951 lumina
276 1917 325 1952 ura
332 1910 379 1955 est.
394 1903 437 1955 Ad
449 1908 552 1958 umbrae
563 1918 649 1962 antam
689 1915 760 1966 dant.
794 1916 836 1966 Aa
847 1918 914 1970 bunc
924 1920 1003 1970 Plinii
1013 1923 1096 1973 locum
1106 1939 1212 1988 respex-

15 1975 17 1982 '
124 1978 235 2042 scyrico
246 1985 274 2044 et
285 1980 375 2044 Lydio.
401 1983 509 2047 Lydium
526 1985 648 2037 Sardibus
689 1989 741 2039 laea
760 1990 911 2050 Ausonium,
930 2000 958 2044 et
975 1995 1041 2046 banc
1057 2011 1113 2047 arse
1124 2013 1212 2054 veram

125 2053 335 2118 emebatur,’&c.
368 2056 438 2106 Hine
455 2058 583 2110 dubitatio
596 2061 648 2113 An·
689 2065 745 2128 ejus
769 2075 892 2132 mentem,
911 2082 986 2120 namo
1006 2077 1071 2136 puto
1087 2071 1211 2144 inficiabi-

81 2119 89 2134 ‘
123 2129 191 2176 eonii
203 2143 235 2176 an
251 2128 310 2178 ‘eil’
319 2145 369 2179 vox
380 2131 481 2196 Latina,
496 2149 528 2184 aa
546 2136 649 2200 Gmca,
689 2145 739 2189 tur.
1276 2195 1284 2212 ,

124 2218 158 2253 an
170 2203 288 2266 barbara,
299 2211 371 2269 puta,
384 2206 474 2271 Lydia.
721 2220 751 2264 11
768 2216 891 2282 Bucolico]
914 2215 970 2270 Ecl.
991 2235 1012 2271 ι.
1043 2221 1130 2273 ‘Hinc
1152 2225 1211 2290 tibi,

155 2283 172 2328 9
188 2281 223 2328 Et
233 2281 409 2341 pomparum
419 2282 520 2332 mirum
528 2286 587 2335 mab
597 2287 648 2336 leti·
688 2305 746 2354 quae
764 2305 865 2356 semper
884 2295 969 2345 vicino
984 2294 1018 2344 ab
1038 2295 1120 2346 limite
1136 2313 1210 2362 repar

117 2351 201 2412 serum
211 2351 273 2416 mia]
283 2355 291 2383 ‘
301 2355 358 2405 Min
368 2353 376 2380 '
387 2371 434 2420 pro
446 2359 524 2409 minio
535 2361 648 2424 paritum
688 2364 805 2427 Hyblaia
817 2367 909 2430 apibua
918 2367 1005 2418 dorem
1018 2369 1127 2432 depasta
1136 2371 1210 2425 ralia·

121 2435 195 2480 racta
214 2427 324 2494 conjecit
343 2432 464 2495 Scaliger,
482 2435 528 2484 aad
546 2451 646 2487 aeneum
688 2433 727 2499 ti:
738 2441 787 2488 &a
1077 2512 1080 2518 y

120 2508 198 2572 bajus
218 2507 271 2556 loci
285 2521 335 2556 uon
356 2504 467 2572 apernit,
486 2523 570 2574 neque
593 2511 645 2561 An·
720 2508 769 2562 Cur
782 2514 935 2579 citarerepe]
952 2511 1084 2567 Incertum
1093 2517 1146 2582 ubi,
1156 2533 1209 2570 nen

119 2583 282 2633 aenianomm
305 2583 476 2647 interpretum
503 2586 646 2651 quiequam,
686 2593 760 2637 extat
770 2596 842 2638 certe
853 2590 879 2638 in
892 2591 922 2640 iia
934 2606 992 2657 qum
1004 2592 1124 2643 babemus
1136 2594 1209 2645 eice-

120 2657 286 2721 quodecim.
317 2657 646 2724 Peteudureutlocibujur
686 2664 895 2727 roniroperibna.
1156 2705 1163 2711 .
1293 2727 1295 2732 Ι

120 2734 268 2784 intellectae
290 2747 323 2782 ex
345 2733 392 2782 boc
411 2733 490 2782 Plinii
511 2735 577 2799 loco,
600 2735 645 2786 lib.
718 2737 733 2767 ⁹
750 2740 800 2787 Gur
820 2741 902 2789 (ticam
917 2740 979 2804 repr]
998 2741 1050 2790 Cur
1072 2751 1162 2792 vocem
1179 2743 1209 2793 il·

120 2820 223 2858 xxxlll·
235 2821 294 2871 cap.
307 2806 333 2856 l.
348 2804 459 2856 ‘Milton
470 2817 563 2859 vocant
574 2810 646 2860 Grae·
685 2809 736 2860 la'm
748 2812 795 2862 'nti
807 2819 836 2862 at
851 2813 968 2878 ‘sepem'
989 2828 1047 2879 qum
1070 2815 1097 2864 in
1118 2816 1210 2866 eodem

119 2883 144 2932 ci
156 2881 269 2942 minium,
278 2881 382 2945 ‘qnidam
394 2881 543 2934 Cinuabari.
570 2885 645 2935 Unde
685 2887 1208 2954 varenlegitur,perdipbtbongumserip·

118 2953 644 3011 natuaerrorlndicocinnabarirnemine.
685 2959 749 3010 aerit
765 2961 872 3022 Tollius,
890 2962 988 3024 ignore.
1031 2963 1130 3026 ‘Seps'
1147 2975 1208 3028 qaro-

117 3023 162 3080 Sic
172 3031 240 3080 enim
249 3031 381 3093 appellant
390 3030 429 3079 illi
437 3033 535 3081 naniam
544 3032 645 3082 Draco·
685 3047 734 3098 qna
745 3036 856 3086 occurrit
865 3037 933 3100 apud
944 3029 1056 3087 Plinium
1065 3039 1082 3088 l.
1094 3051 1141 3089 xx.
1150 3053 1207 3103 cap.

117 3105 159 3153 nia
181 3104 237 3154 eliri
257 3105 458 3170 Elephantorum
476 3103 646 3156 'morientium
686 3111 952 3173 ll.etSolinnmcap.
965 3115 1006 3162 ³⁰.

118 3176 244 3241 pondere,
254 3178 380 3243 permixto
389 3179 522 3244 utriusque
531 3180 646 3229 animalia
717 3183 748 3233 1³
766 3181 850 3246 Magia
867 3189 894 3233 nt
906 3183 987 3245 faciut
1005 3185 1063 3250 lact]
1081 3185 1206 3238 Martiam

117 3253 253 3316 sanguine,
270 3258 301 3303 nt
319 3252 436 3302 diximus.
469 3253 563 3317 Neque
579 3254 643 3304 aliua
683 3255 790 3322 Capella
811 3258 856 3310 lib.
879 3272 922 3310 111.
947 3260 1074 3312 ‘Quidam
1091 3274 1147 3310 eum
1165 3259 1207 3314 lac

117 3327 243 3377 eatcolor
254 3327 334 3392 quiin
346 3329 452 3391 picturis
470 3329 574 3392 proprie
586 3343 643 3378 ran·
682 3333 782 3396 dicunt,
794 3333 928 3398 adjiciunt,
939 3335 974 3396 Τ,
990 3340 1127 3398 propterea
1138 3339 1207 3402 quod

116 3405 219 3466 guinem
230 3404 332 3455 reddat.
358 3403 409 3452 llla
420 3401 565 3452 cinnabaris
577 3404 642 3452 anti·
682 3405 745 3461 facit
755 3410 845 3472 lactia;
860 3410 905 3458 aed
921 3409 1063 3474 Virgilius:
1081 3413 1132 3460 Lac
1143 3413 1207 3462 mibi

116 3475 185 3529 dotia
194 3479 438 3543 medicamentisque
448 3477 581 3528 utilissima
592 3485 641 3529 eat.
681 3500 733 3535 non
745 3491 836 3536 astate
852 3500 954 3549 novum,
965 3501 1015 3536 non
1024 3485 1122 3550 frigore
1133 3487 1206 3541 defit,

116 3551 154 3603 nr
173 3551 279 3602 barcula
296 3551 401 3614 medici,
417 3552 477 3615 quia
493 3551 641 3600 cinnabarin
682 3551 787 3624 Quippe
805 3569 862 3610 cum
879 3560 949 3610 nulla
964 3560 1032 3624 apud
1048 3571 1094 3608 nor
1105 3561 1207 3609 nomine

114 3633 221 3689 vocant,
241 3642 288 3691 pro
311 3636 343 3676 e&
364 3632 470 3675 utuntur
489 3626 641 3686 1100111ῑῦῑῆ
680 3634 708 3684 iu
730 3635 794 3684 duaa
808 3640 891 3684 mutar
908 3641 1012 3696 exeant,
1028 3633 1087 3683 ideo
1104 3640 1205 3685 veterae

115 3703 184 3767 qrrod
196 3716 321 3751 venenum
336 3713 391 3750 erae
405 3701 482 3763 paulo
493 3711 552 3748 mox
564 3699 640 3748 doce·
680 3706 749 3758 lacre
760 3703 787 3757 'in
798 3702 952 3758 nominativo
969 3707 1109 3756 dixerunt?

114 3779 217 3828 bimus!
242 3781 348 3829 Scilicet
365 3778 423 3854 cn*
443 3780 598 3844 cinnabaris,
613 3785 641 3828 et
712 3777 744 3832 '14
761 3781 832 3846 Seps]
853 3781 986 3845 'Serpentis
1007 3794 1119 3845 genitae
1138 3779 1205 3839 cirre

115 3854 232 3916 minium,
248 3861 275 3903 et
293 3850 420 3902 Draconis
433 3854 582 3916 sangninem
594 3854 641 3917 sig·
680 3855 935 3921 putrefacioeetrip.
959 3855 1142 3919 Graecaigitnr
1153 3870 1204 3903 non

115 3927 213 3990 nificat,
238 3927 337 3978 Medici
358 3942 450 3979 vocum
473 3923 641 3978 similitudine
679 3927 905 3980 Romularoxeat.
927 3930 1023 3979 Lucan.
1031 3929 1076 3978 lib.
1088 3927 1204 3978 rx.‘0s·

114 4003 232 4068 decepti,
247 4003 274 4052 in
286 4003 408 4052 antidotia
417 4001 581 4053 conficiendis
593 3996 639 4051 mn
678 4017 758 4068 eaque
776 4005 916 4060 diarolvcna
932 4017 990 4052 cnm
1002 4015 1109 4082 corpore
1120 4000 1204 4050 tabifl-

115 4077 195 4142 n'ium,
215 4080 282 4144 qnod
300 4079 431 4130 cinnabari
448 4079 526 4128 etiam
538 4075 640 4142 dicitur,
679 4095 723 4131 oua
735 4079 810 4142 repa!
822 4078 927 4140 ‘Libyae
939 4077 1017 4126 ferale
1027 4074 1136 4124 malum'
1147 4075 1203 4126 dlx·

114 4155 250 4220 aliqnando
274 4155 418 4218 promircue
442 4159 567 4218 uturpanl
592 4159 640 4217 pto
680 4155 711 4217 it,
727 4154 788 4218 quia
802 4153 884 4215 Libya
903 4166 948 4201 ren
966 4149 1055 4200 Africa
1064 4149 1132 4200 omui
1149 4164 1203 4199 aar·
