3034 4878
278 359 521 416 nrvnasoauu
550 365 738 426 snrsronn
762 369 812 420 ro
836 369 1048 422 aosouruu.
1146 353 1212 424 eut

206 588 432 666 snnucnm
463 597 732 670 suuuucm
765 605 832 671 an
865 557 1126 676 nosouruu

538 704 797 774 EPISTOLAE.
941 770 947 775 .

342 833 397 898 Ex
411 834 555 903 editione
570 838 678 920 Lugd.
694 838 813 904 Batav.
829 858 883 904 an.
899 837 994 910 loeo.

417 1004 442 1052 l.
474 1005 708 1056 SYMMACHUS
731 1005 910 1054 nuscum.

157 1097 273 1167 Panis
290 1122 378 1170 ame
392 1101 510 1172 literas
525 1106 705 1190 longiores.
750 1107 812 1172 Est
825 1107 891 1172 hoc
906 1106 940 1170 in
955 1123 1017 1170 nos
1032 1103 1103 1170 veri
1117 1121 1210 1170 amo·

108 1201 160 1265 ris
187 1202 357 1268 indicium.
400 1205 468 1271 Sed
497 1227 573 1290 ego,
599 1207 656 1290 qui
680 1226 755 1272 sum
782 1206 971 1290 paupertini
994 1207 1061 1271 mei
1085 1207 1210 1290 ingenii

110 1303 285 1384 conscius,
311 1304 492 1398 Laconicae
507 1303 597 1374 malo
614 1309 748 1374 studere
761 1303 931 1386 brevitati,
945 1321 1047 1392 quarn
1065 1303 1210 1392 multiju-

110 1404 166 1484 gis
190 1406 323 1488 paginis
347 1408 496 1474 inlantioe
524 1411 667 1475 maciem
690 1411 878 1492 publicare.
924 1409 1003 1474 Nec
1026 1409 1156 1485 mirum,
1181 1410 1212 1473 si

110 1504 242 1587 eloquii
254 1511 358 1574 nostri
373 1530 461 1574 vena
476 1517 613 1577 tenuata
627 1521 697 1592 est;
719 1532 820 1595 quarn
835 1511 959 1575 dudum
979 1530 1085 1597 neque
1105 1509 1209 1574 ullius

110 1604 285 1688 polimartis
311 1610 370 1686 tui,
396 1630 505 1694 neque
528 1612 731 1696 pedestrium
751 1611 958 1677 voluminum
972 1612 1132 1677 'lectione
1152 1612 1208 1694 ju-

111 1707 206 1772 visti.
252 1707 349 1773 Unde
374 1712 472 1792 igitur
498 1712 662 1776 sermonis
689 1714 754 1777 mei
774 1712 908 1795 longam
924 1712 1038 1796 poscis
1059 1730 1209 1790 usuram,

113 1810 174 1890 qui
196 1809 279 1874 nihil
299 1811 420 1875 literati
435 1812 575 1877 foenoris
588 1813 787 1878 credidisti?
829 1812 961 1879 volitat
981 1821 1059 1878 tuus
1076 1809 1211 1876 Mosella

113 1929 176 1992 per
190 1929 308 1975 manus
325 1913 486 1996 sinusque
502 1914 692 1990 multorum,
707 1915 830 1980 divinis
845 1922 912 1981 ate
927 1915 1082 1980 versibus
1094 1933 1211 1980 conse·

114 2019 247 2078 cratus:
269 2012 329 2077 sed
355 2019 480 2078 tantum
497 2022 615 2079 nostra
630 2035 687 2080 ore
703 2016 911 2098 praelabitur.
956 2015 1025 2081 Cur
1039 2035 1093 2080 me
1109 2016 1210 2084 istius

113 2112 232 2192 libelli,
248 2134 377 2197 quaeso,
392 2123 561 2180 exsortem
577 2137 652 2180 esse
666 2116 825 2181 voluistit
870 2114 1072 2180 Autonomos
1086 2116 1150 2180 tibi
1162 2117 1210 2182 vi-

114 2213 229 2294 debar,
244 2215 303 2298 qni
317 2214 498 2298 dijudicare
521 2235 587 2280 non
603 2235 757 2299 possem3
780 2223 841 2281 aut
853 2224 944 2282 certe
959 2217 1135 2300 malignus,
1151 2219 1216 2300 qni.

114 2315 253 2382 laudare
267 2317 443 2382 nescirem.
487 2317 611 2401 Itaque
626 2317 680 2383 vel
695 2319 826 2402 ingenio
852 2338 928 2384 meo
950 2318 1140 2404 plurimum,
1155 2318 1211 2386 vel

114 2418 273 2496 moribus,
295 2418 472 2502 derogasti.
516 2418 589 2501 Ego
607 2425 717 2484 tamen
739 2425 857 2485 contra
881 2419 1094 2485 interd-ictum
1116 2425 1210 2485 tuum

117 2537 197 2584 mox
211 2519 256 2584 ad
273 2519 366 2584 illius
388 2521 498 2604 operis
523 2540 643 2586 arcana
666 2522 826 2604 perveni:
850 2521 951 2586 velim
975 2521 1110 2586 reticere
1131 2518 1213 2604 quid

116 2620 272 2686 sentiam:
295 2619 396 2684 velim
410 2621 452 2685 de
465 2628 498 2686 te
508 2621 602 2705 justo
614 2622 747 2688 silentio
761 2622 942 2687 vindicari:
960 2622 1020 2686 sed
1035 2621 1211 2686 admiratio

116 2719 317 2804 scriptorum
334 2740 467 2786 sensum
481 2720 603 2800 frangit
621 2722 761 2806 injuriae.
807 2722 898 2787 Novi
919 2723 1007 2787 enim
1027 2723 1127 2786 istum
1147 2721 1212 2784 ilu-

116 2821 221 2898 vinm,
236 2840 312 2886 cum
326 2837 572 2886 musanoauu
590 2821 812 2894 Parnorauru
829 2821 1031 2905 jampridem
1046 2820 1139 2904 signa
1155 2839 1211 2886 co-

118 2923 260 3001 mitarer,
276 2941 393 3005 parem
416 2922 543 3000 multis,
569 2923 729 3006 imparem
754 2924 920 2988 maximis.
965 2922 1065 2996 Nunc
1086 2922 1211 3007 impro-

117 3023 192 3087 viso
207 3021 376 3088 clarorum
399 3042 555 3088 versuum
577 3023 738 3106 dignitate
758 3025 923 3108 AEgyptio
949 3023 1085 3088 Melone
1103 3014 1211 3108 ¹majo·
1248 3059 1249 3064 κ

118 3143 198 3202 rem,
214 3123 419 3208 frigidiorem
444 3125 602 3209 Scythico
624 3124 747 3202 Tanai,
764 3125 1006 3211 clarioremque
1018 3125 1082 3190 hoc
1096 3129 1211 3188 nostro

119 3224 276 3308 populari
292 3226 423 3290 Fucino
434 3224 623 3292 reddidisti.
666 3225 889 3310 Nequaquam
903 3227 963 3291 tibi
978 3225 1155 3303 crederem,
1167 3223 1210 3288 de

120 3327 275 3392 Mosellae
292 3333 367 3394 ortu
381 3347 422 3393 ac
434 3334 546 3394 meatu
559 3347 682 3410 magna
696 3329 859 3409 narranti;
881 3327 947 3392 nisi
961 3333 1055 3393 certo
1076 3329 1210 3408 scirem,

120 3430 211 3512 quod
239 3450 300 3496 neo
329 3431 365 3494 in
394 3427 551 3515 po'e‘mate
581 3431 766 3495 mentiaris.
816 3429 918 3494 Unde
946 3429 1004 3496 illa
1033 3429 1212 3496 amicorum

121 3531 262 3618 piscium
288 3532 445 3596 examina
472 3531 649 3615 reperisti?
676 3551 775 3617 quam
795 3531 990 3596 nominibus
1013 3530 1118 3606 varia,
1143 3536 1212 3596 tarn

121 3632 306 3713 coloribus;
329 3636 368 3696 ut
380 3632 606 3714 magnitudine
621 3631 794 3710 distantia,
816 3633 867 3698 sic
882 3649 1024 3715 sapore;
1048 3647 1125 3713 quae
1140 3631 1212 3712 pig-

121 3734 240 3802 mentis
255 3735 355 3799 istius
371 3731 535 3798 Carminis
550 3752 652 3818 supra
666 3740 796 3800 naturae
819 3733 909 3798 dona
928 3731 1061 3795 fucasti.
1104 3727 1212 3814 Atqui

121 3837 155 3900 in
169 3834 236 3900 tuis
250 3835 374 3899 mensis
387 3853 480 3917 saepe
495 3838 658 3913 versatus,
680 3853 756 3899 cum
770 3834 931 3918 pleraque
947 3830 1026 3909 alia,
1041 3849 1116 3914 quae
1131 3836 1212 3898 tnnc

121 3937 155 4000 in
170 3935 332 4000 Praetorio
347 3941 452 4012 erant,
476 3935 550 3998 esui
572 3933 706 4016 objecta
720 3935 872 4013 mirarer3
894 3950 1064 4014 nunqnam
1078 3933 1143 3996 hoc
1157 3951 1213 4015 ge·

124 4055 185 4101 nus
200 4037 345 4120 piscium
359 4033 571 4118 deprehendi.
615 4031 763 4112 Quando
785 4033 819 4095 bi
847 4032 963 4116 pisces
986 4033 1021 4096 in
1043 4031 1130 4096 libro
1150 4031 1213 4098 tibi

124 4137 193 4203 nati
208 4142 295 4215 sunt,
310 4137 368 4220 qui
392 4137 428 4201 in
452 4134 591 4200 ferculis
604 4154 672 4200 non
686 4134 841 4199 sueruntt
884 4132 907 4197 J
910 4133 1003 4198 ocari
1023 4151 1076 4198 me
1100 4137 1212 4216 putas,
