3000 4882
291 331 365 398 764‘
752 339 905 390 eusourr

292 485 428 552 Gaudia
442 501 508 547 non
524 482 617 546 illum
631 485 801 562 vegetent:
822 500 890 544 non
904 479 1017 544 dulcia
1032 488 1146 546 vatum

293 585 459 661 Carmine,
473 601 537 647 non
551 582 686 646 blendee
701 581 882 646 modulatio
897 581 986 644 flexu
1000 582 1157 663 querelae,

292 686 373 750 Non
388 685 468 762 tere,
483 702 548 747 non
562 682 655 746 illurn
669 681 828 764 peondee
842 699 907 744 non
922 681 1066 744 mulcent
1082 683 1164 760 ales,
1185 719 1189 724 -

293 787 372 851 Non
386 805 464 869 quoe
479 791 651 867 postorum
666 782 885 846 nemoralibus
900 780 1013 845 abdite
1027 781 1111 846 lucis
1132 837 1134 841 Α
1237 783 1241 792 ’

293 888 431 952 Solatur
445 890 576 948 nosnos
591 882 684 948 Echo
698 887 853 946 resecuta
867 881 1029 963 loquelas.

291 985 427 1064 TristiS,
442 1003 552 1067 egens,
566 985 695 1048 deserte
710 982 817 1046 colet:
840 983 1025 1064 tacitusque
1039 989 1187 1063 pererret

292 1085 409 1170 Alpini
424 1102 573 1150 convexa
581 1082 654 1167 jugi
667 1102 675 1147 :
699 1100 764 1146 ceu
777 1082 899 1146 dicitur
912 1082 991 1146 olim

293 1188 418 1253 Mentis
430 1187 539 1268 inops,
555 1189 665 1249 coetus
679 1182 852 1247 bominum
866 1189 899 1247 et
913 1182 1051 1263 vestigia
1064 1181 1185 1259 viteus,

293 1287 382 1353 Avia
395 1288 615 1371 perlustrasse
630 1301 737 1366 regne
750 1285 828 1348 loca
843 1282 1127 1365 Bellerophontes.
1145 1297 1148 1304 ¹
1183 1315 1187 1322 ·

292 1528 433 1590 megentio
443 1534 545 1578 recreent
556 1530 638 1578 itturm
661 1543 706 1576 eon
719 1527 822 1588 jucundi
838 1527 962 1590 poiterum
978 1542 1066 1589 nem,
1088 1541 1134 1576 reos
1152 1541 1263 1576 numme
1280 1525 1385 1590 inflexere

291 1591 1385 1720 '²''¹0:¹⁰'trtbtbttuttttbstutttttu&innutritur
1415 1620 1421 1632 '

291 1721 427 1769 solitudines
438 1727 539 1781 mestus,
550 1725 574 1768 et
583 1722 665 1784 inope:
674 1691 681 1718 ³
690 1726 714 1769 et
725 1726 824 1781 nugetur
841 1721 912 1794 silere
921 1735 964 1782 per
980 1691 1050 1768 cunin
1061 1719 1157 1782 Alpium
1166 1719 1296 1778 comminue,
1306 1733 1385 1780 quent·

290 1786 416 1833 duodeni
426 1785 617 1848 Belleropbonter
626 1783 709 1844 sertor
719 1785 834 1846 quondum
845 1785 960 1832 uruntur
969 1788 1053 1845 ruente,
1067 1783 1165 1845 sregiere
1180 1783 1385 1844 congregatione,

291 1853 315 1896 et
324 1863 408 1911 pessus
419 1848 545 1912 tonunurr,
553 1848 695 1911 paruerim
705 1849 811 1909 regendo
821 1847 957 1896 solitudines
967 1848 1056 1897 ἀιυίω.
1088 1847 1261 1910 imprecorbaee
1271 1847 1319 1895 itti.

292 2173 318 2222 iu
330 2173 520 2236 Epignommete
531 2171 697 2236 nonegerirno
707 2186 790 2222 nono:
807 2179 835 2223 et
846 2174 937 2222 metior
950 2170 1028 2220 verbo
1036 2170 1133 2220 Solatur
1142 2169 1385 2233 connumeraretur,

292 2251 377 2301 quem,
390 2235 458 2300 qnod
476 2234 587 2286 trebebet
604 2243 677 2286 uetus
694 2237 751 2288 cod.
765 2236 882 2300 loquetur?
904 2237 1087 2285 vunnu-cn
1103 2232 1147 2284 At.
1165 2233 1261 2297 Atptoir
1279 2249 1383 2298 mouere

780 2420 886 2472 NOTIE

291 2573 431 2637 Adelphii:
443 2572 581 2624 ‘Defessus
590 2589 645 2625 eurn
655 2574 818 2626 enrbulendo.
846 2565 934 2625 iliud.
955 2575 963 2604 ‘
977 2576 1030 2628 oni
1041 2575 1118 2624 miser
1129 2575 1154 2625 in
1166 2573 1263 2638 cempis
1274 2585 1382 2622 moerene

291 2647 338 2710 tlt,
359 2649 434 2713 Syre,
453 2655 480 2699 te
500 2665 557 2699 cum
575 2657 618 2700 tue
629 2651 819 2702 Monstratione
859 2649 963 2699 errabat
974 2650 1127 2714 Aleis,1pee
1143 2665 1217 2699 snnrn
1236 2663 1282 2698 cor
1297 2647 1384 2711 edens,

292 2739 398 2788 mugnus
412 2726 504 2788 perdet
515 2725 638 2792 Jupiter?
858 2725 987 2776 hominurn
999 2725 1109 2787 vestigio
1119 2723 1223 2774 viteus?

323 2802 355 2847 65
373 2799 529 2849 Nonbtnndre
545 2801 671 2851 modulatio
685 2802 819 2866 flexuque-
891 2801 1094 2863 Bellerophontes]
1120 2799 1274 2863 Hipponous
1293 2799 1385 2860 dictus,

290 2873 358 2936 rete]
370 2875 463 2938 Elegio
473 2875 513 2924 tric
525 2875 634 2940 intelligi
645 2875 755 2926 ridetur.
860 2875 1007 2940 prinsquam
1043 2874 1165 2924 Belleron
1180 2873 1384 2924 'Codnthiorurn

323 2953 356 2999 88
371 2949 498 3014 loquetur]
516 2951 610 3002 Melius
625 2954 738 3016 perun
752 2952 819 3017 quod
860 2950 996 3012 primatem
1008 2949 1089 2998 etrum
1109 2946 1292 3009 interfecisset,
1309 2953 1336 2998 et
1352 2962 1384 2997 ex

293 3025 320 3074 in
333 3025 449 3088 pluribus
461 3026 623 3076 editionibus.
655 3028 741 3090 Magis
753 3029 820 3077 enirn
861 3038 892 3073 eo
905 3022 1129 3086 Bellerophontes,
1147 3037 1192 3072 sen
1203 3023 1385 3087 Bellerophon,

290 3100 411 3162 congruit
431 3115 489 3149 cunr
502 3101 581 3150 verbo
600 3102 735 3164 ‘Soletur,'
753 3101 821 3166 quod
860 3097 909 3147 hoe
921 3106 970 3160 eet,
987 3097 1084 3146 Belleri
1103 3097 1256 3148 interfector
1271 3098 1384 3163 appelle·

292 3174 429 3236 precedit.
570 3207 573 3212 s
861 3180 941 3223 retur.
972 3172 1024 3223 Sed
1045 3171 1143 3222 dehoc
1161 3172 1237 3223 etde
1254 3172 1385 3223 debellete
1409 3187 1412 3198 ·

295 3263 299 3268 ·
323 3255 355 3299 tu
375 3250 460 3314 Alpini
483 3265 586 3300 cornere
609 3249 678 3312 juge]
706 3251 821 3315 Scaliger
860 3249 892 3298 eb
908 3263 939 3298 eo
951 3248 1163 3312 Chimaereptnre
1175 3247 1235 3298 ride
1247 3249 1317 3312 epod
1328 3250 1384 3314 My·

292 3325 406 3388 reponit,
416 3325 513 3388 Alpinis
531 3339 632 3374 connexu
644 3325 723 3386 jugie,
734 3338 768 3374 ex
777 3339 820 3374 ue·
860 3327 983 3389 ttrotogoe.

292 3399 423 3451 terilibro.
457 3399 509 3449 Sed
527 3401 589 3450 nituit
599 3413 703 3449 necesse
714 3407 756 3450 est
766 3415 820 3449 nru-
838 3465 840 3470 Ι
891 3401 907 3429 ”
923 3401 986 3450 Ante
993 3402 1147 3464 puteetreeee
1157 3417 1232 3464 rugus
1247 3405 1297 3453 torn
1311 3403 1384 3452 Belle·

292 3484 367 3538 tere;
383 3476 473 3539 plenus
485 3483 525 3525 est
544 3490 643 3525 seusus.
677 3476 760 3524 Porro
777 3474 821 3524 Al·
859 3475 995 3539 ropboutee]
1014 3475 1155 3540 Perperene
1167 3492 1199 3526 ee
1215 3479 1288 3542 queei
1300 3479 1383 3528 Pauli·

290 3553 381 3616 pinum
388 3551 479 3615 jugum
491 3551 530 3600 ret
541 3551 574 3600 de
582 3549 694 3614 Alpibus
710 3550 820 3612 Italicis,
859 3564 893 3599 no
902 3551 1039 3614 perspicue
1049 3551 1151 3615 objectu
1161 3553 1294 3616 occipiunt
1304 3553 1384 3615 inulti,

292 3626 429 3675 ueletiam
457 3624 490 3674 de
518 3625 647 3688 Pyrenen
676 3625 819 3688 intelligere
859 3639 922 3689 quoe
934 3625 1003 3674 inter
1013 3627 1164 3676 noriseimne
1174 3627 1267 3677 Editor
1277 3641 1382 3692 operum

291 3706 374 3766 potes.
409 3701 508 3750 Noster
531 3700 648 3764 Epistola
671 3701 816 3762 superiore:
859 3701 961 3752 Paulini
980 3701 1005 3750 tn
1024 3701 1139 3765 ejusdem
1161 3703 1232 3753 Vite.
1253 3703 1382 3754 Atetibns

289 3777 297 3804 ¹
311 3776 387 3825 Nnnc
399 3773 447 3823 tibi
458 3779 527 3824 treus
540 3772 632 3837 Alpes,
644 3780 670 3822 et
682 3787 818 3822 mernere·
858 3775 980 3840 dicteriis}
988 3777 1065 3839 longe
1083 3776 1157 3826 ebert
1174 3777 1285 3829 urbenue
1294 3779 1383 3842 Potite,

291 3861 332 3902 ern
352 3851 473 3915 Pyrenen
493 3852 620 3901 Caeeereae
631 3850 755 3914 Auguste
773 3850 817 3899 do·
857 3851 972 3914 etquein
989 3852 1047 3900 ente
1062 3852 1106 3902 din
1126 3860 1251 3906 uersutus.
1283 3855 1382 3906 Lubente
1475 3867 1476 3872 ’

291 3925 416 3995 musnet·
448 3925 500 3974 Ubi
510 3925 570 3974 vide
582 3932 682 3975 notate.
858 3933 945 3975 temen
966 3925 1130 3990 crediderim,
1151 3929 1211 3978 durn
1238 3943 1269 3979 ee
1291 3931 1382 3981 silentii

283 4021 284 4024 ¹
326 4002 375 4050 Ceu
393 4000 482 4050 dicitu
502 4000 558 4049 otim
576 4000 669 4049 Mentie
685 4001 761 4063 inope,
778 4003 837 4064 te.-
857 4000 1025 4067 (quicumque
1037 4003 1140 4054 tandem
1152 4003 1195 4053 ille
1212 4005 1270 4070 eit,)
1286 4006 1381 4056 auctori

292 4075 494 4138 Betterrptoetee]
520 4075 562 4123 De
585 4088 637 4138 quo
659 4074 752 4123 Cicero
773 4075 819 4124 tib.
859 4087 989 4141 precetur,
1001 4080 1112 4131 voluieee
1124 4087 1153 4130 nt
1164 4081 1325 4134 Penlinnsee
1340 4084 1381 4135 de·

292 4165 336 4200 ιιι.
367 4153 444 4204 Ture.
465 4152 566 4207 Queri.
585 4165 619 4202 ex
647 4150 763 4205 Homero
783 4165 819 4206 ιι.
859 4153 982 4222 scripturn
997 4155 1223 4222 ipseegnoneret.
1287 4191 1290 4200 .
