3026 4898
573 370 753 425 uernum.
1144 355 1209 426 orl

114 539 277 607 nugarum
291 521 438 590 subtexo
451 522 646 605 nequitiam.
689 521 733 588 Et
748 522 782 588 bi
799 522 955 589 versiculi
969 524 1212 608 monosyllabis

114 626 343 703 terminantur,
364 624 504 690 exordio
530 633 644 690 tamen
666 623 782 702 libero,
804 641 993 709 quanquam
1016 625 1082 691 fine
1103 625 1213 708 legiti-

115 725 198 794 rno.¹’
241 726 308 790 Sed
323 726 488 802 laboravi,
510 730 549 790 ut
563 730 723 809 quantum
746 723 819 809 ejus
841 730 957 808 posset
979 727 1073 810 epod
1093 735 1211 792 auree3

114 826 441 910 indulgentissimas,
463 825 612 906 absurda
626 819 847 903 conoinerent,
869 825 999 890 insulsa
1019 827 1217 913 reeiperpnt,

113 1031 245 1080 carminum
254 1028 343 1078 similer
359 1026 526 1091 superioribus.
559 1025 598 1076 Hi
613 1041 702 1090 quoque
719 1041 797 1078 verne
804 1028 930 1093 finiantur
940 1029 1032 1080 uocibnr
1042 1029 1214 1093 mertolo,

113 1094 185 1143 initio
195 1100 274 1142 tamer
283 1092 366 1152 libero,
379 1092 487 1154 quamuis
498 1092 598 1140 termino
610 1092 659 1151 tegi
672 1092 778 1145 orrico.
810 1093 859 1142 Sed
868 1095 958 1155 studui,
969 1099 1006 1155 at,
1016 1098 1128 1157 quantum
1139 1094 1212 1156 impe·

117 1159 180 1207 rrori
187 1163 268 1222 ponet
276 1158 338 1220 opud
347 1170 418 1206 auree
428 1155 617 1230 benigniorimar,
633 1155 682 1204 bae
692 1161 778 1206 aetum
786 1171 830 1206 aaa
845 1157 932 1208 abeona
941 1163 1102 1221 maerori,
1109 1153 1220 1222 iaeipido‘
1271 1222 1273 1227 .

574 1311 753 1334 &nonnemo

149 1431 163 1477 1
182 1429 286 1477 Lemma
298 1432 337 1475 eet
349 1426 376 1474 iu
387 1425 471 1474 veteri
481 1424 564 1475 libror
583 1425 702 1486 Praefatio
714 1427 926 1490 Mororyllalorum
942 1427 1034 1491 tqntuia
1046 1426 1073 1476 iu
1079 1425 1132 1491 fiae
1140 1423 1142 1430 “
1148 1419 1216 1488 poeti

115 1496 254 1542 torum-2
271 1490 383 1552 Sequitur
396 1504 436 1538 rer
451 1491 555 1552 tyronem
566 1489 645 1551 Vulp.
680 1490 711 1538 In
730 1497 866 1552 pervetere
884 1490 950 1541 libro
970 1499 1104 1540 exaratum
1120 1496 1212 1540 extet:

115 1555 231 1620 Sequitur
241 1569 300 1604 voro
313 1554 409 1613 olbiam,
424 1553 537 1602 rimiliuur
554 1568 670 1614 nugarum
677 1555 801 1604 mllexero
811 1555 949 1618 nequitae.
975 1555 1037 1603 vio.
1048 1551 1095 1604 inf.
1108 1558 1136 1603 el
1146 1554 1213 1614 Not.

116 1621 230 1669 Van-3
247 1619 255 1646 ‘
270 1619 303 1667 Ut
313 1623 425 1680 quonium
441 1622 520 1679 peurel
539 1617 616 1666 uideri
633 1617 707 1680 apud]
725 1618 807 1668 vetar
829 1619 975 1682 scriptura:
992 1625 1019 1668 at
1034 1623 1150 1680 quantum
1164 1618 1214 1679 qve

113 1687 210 1748 poeeerrt
231 1683 293 1746 opud
304 1697 388 1731 auree:
403 1690 431 1731 et
446 1682 523 1744 paulo
538 1689 608 1745 post,
622 1681 704 1744 irrepta
716 1697 763 1747 pro
773 1683 900 1746 merrom,
914 1683 991 1733 biuloa
1002 1683 1087 1732 codex
1097 1681 1217 1738 Tillenus.

614 1825 721 1878 NOTAE

149 1931 163 1960 ⁸
178 1923 293 1988 Sequitm
319 1929 378 1974 oor'o
399 1922 498 1988 vibium]
526 1923 580 1973 Pro
598 1923 648 1974 hoe
688 1923 1040 1989 nliapraecipiteeferirntur,
1056 1921 1128 1987 qnasi
1147 1919 1217 1992 omni

116 2000 247 2070 editiones
256 2000 368 2062 volgatae
379 1997 528 2048 habebant:
544 2001 649 2062 requitur
684 1999 760 2063 jacto
782 2000 906 2052 bonorum
926 2000 1003 2060 alea,
1030 2000 1080 2047 &e
1113 1995 1215 2045 Deinde

115 2093 158 2126 aer
168 2077 283 2141 luperam,
299 2087 433 2136 perperam
445 2081 597 2137 corruptum
610 2075 648 2123 in·
687 2077 762 2127 aliam
772 2079 971 2142 explicationem
981 2075 1071 2126 affert:
1088 2073 1141 2124 Sed
1150 2087 1216 2137 pree·

115 2153 195 2204 aritia
205 2149 379 2210 librariorum,
395 2148 439 2213 qui
457 2162 506 2198 nee
525 2148 648 2199 ‘varam'
687 2152 795 2215 stiterit,
808 2152 902 2218 inquit,
924 2152 975 2201 dno
992 2149 1093 2199 nomina
1110 2148 1217 2212 propria

115 2224 305 2280 nec‘ribiam'
316 2223 505 2287 intelligebant.
537 2226 648 2278 Quomo-
686 2225 855 2291 interpretari
863 2226 967 2288 vibium,
982 2231 1116 2274 atvaraur.
1148 2223 1217 2274 Nem

115 2303 155 2355 do
176 2302 257 2354 etiem
277 2301 342 2363 legit
363 2301 493 2350 hemor.
533 2299 649 2352 Restitu·
688 2301 796 2365 vibii,et
806 2303 860 2352 rari
871 2302 973 2353 nemina
982 2300 1112 2366 gentilitia
1120 2301 1218 2350 Romo.

118 2385 176 2429 tum
187 2384 230 2428 eat
240 2392 274 2428 ex
285 2375 367 2426 veteri
378 2375 430 2426 Mn.
442 2376 470 2425 in
486 2389 537 2441 qno
553 2377 649 2440 legitur
689 2376 778 2426 ‘Varo
789 2377 882 2428 vibium
891 2377 909 2427 ε’
924 2378 977 2426 lroo
992 2379 1042 2438 est,
1057 2373 1086 2424 rb
1097 2374 1175 2438 lipom
1184 2377 1219 2436 τῷ

117 2453 226 2520 sequeitur
243 2469 300 2504 earo
319 2451 415 2509 biblum,
429 2455 470 2516 lfo-
503 2451 578 2503 Quod
591 2467 648 2515 pro·
688 2453 757 2516 ὁμοίῳ
767 2451 855 2504 ἕπεται.
887 2453 955 2504 Hac
969 2451 1095 2515 Scaliger.
1126 2451 1220 2502 Liceat

119 2531 240 2581 verbium
251 2544 284 2578 ex
295 2521 427 2580 veteribus
438 2527 538 2578 Glorrie
547 2527 612 2576 Mar.
623 2527 649 2576 in
688 2537 749 2595 poet
759 2529 826 2580 tanti
837 2529 885 2580 viri
898 2527 1085 2591 expositiones,
1102 2515 1217 2576 nostiam

120 2598 216 2671 quibua
226 2605 282 2655 bueo
291 2605 431 2667 leguntur:
448 2603 562 2652 ‘Veram
572 2602 650 2653 vibia.
689 2603 791 2656 afferre.
823 2605 876 2654 Pro
887 2603 975 2653 biliam
985 2602 1054 2667 quod
1068 2601 1095 2650 iu
1106 2600 1218 2650 Aneoni-

119 2679 497 2732 Pertieaeduoesnutinteree
511 2679 649 2744 colligata,
689 2694 739 2730 auo
757 2680 810 2729 Me.
829 2693 908 2742 rupra
924 2676 1029 2727 laudato
1045 2676 1151 2738 legitur,
1166 2676 1219 2738 legi
1248 2719 1251 2727 .

120 2771 181 2822 qoae
189 2771 301 2806 aeaerem
309 2755 445 2804 eontinent.
461 2753 537 2804 Unde
546 2768 651 2816 prover·
690 2767 765 2819 poree
776 2751 847 2803 facili
857 2753 1001 2802 mutatione
1012 2751 1036 2800 b.
1047 2750 1074 2798 in
1085 2765 1110 2799 r.
1128 2757 1218 2813 putem

118 2830 294 2884 biumrvibia
302 2827 528 2893 varnmeeqoitor!
536 2829 651 2890 Scaliger
691 2837 744 2880 taur
754 2823 1220 2892 unumquemetbae,quoduabenr

119 2909 160 2958 aie
179 2907 306 2971 exponit:
322 2903 426 2966 ‘Vara,'
446 2903 539 2968 inquit,
554 2903 651 2967 siguifi-
691 2905 791 2954 Gloeaae
798 2904 930 2966 Scaligero
938 2901 1066 2950 laudatur
1078 2903 1106 2947 et
1113 2897 1219 2960 bivium,

120 2988 166 3034 eat
178 2983 304 3048 perticam
319 2980 352 3030 ab
371 2993 469 3029 nummo
485 2977 652 3040 furcillotam,
690 2981 790 3043 valgum
801 2980 969 3042 interpretor,
983 2977 1032 3026 lroe
1042 2979 1092 3036 eat,
1112 2979 1219 3024 anctore
1306 2979 1310 2988 “

121 3057 349 3120 nteolligimueex
364 3054 414 3108 illie
426 3053 540 3104 Gloeaier
557 3053 599 3118 (et
617 3069 652 3105 ex
690 3055 777 3115 Festo,
793 3067 852 3118 qum
873 3065 950 3102 orara
971 3049 1067 3100 babeat
1086 3056 1219 3097 extremae

121 3133 229 3184 Vitrur.
240 3131 287 3181 lib.
298 3143 327 3180 x.
342 3144 401 3192 cap.
412 3127 466 3194 19.)
487 3130 592 3180 ‘Vibia’
607 3145 652 3180 an·
691 3129 797 3180 obtorta
815 3132 843 3177 et
859 3127 975 3186 incurva,
991 3130 1021 3174 ot
1038 3122 1135 3173 blrinm
1152 3121 1220 3172 refe·

122 3215 176 3258 tem
185 3207 311 3271 perticam
324 3212 505 3269 transvemam,
522 3220 580 3272 quar
599 3205 652 3256 for·
691 3210 760 3267 rant,
768 3209 796 3254 et
806 3215 866 3268 quae
876 3198 1020 3252 incedendo
1029 3199 1089 3250 bino
1098 3197 1220 3264 quodam·

120 3284 190 3334 ciliae
206 3283 245 3333 illi
271 3282 393 3345 imperite
414 3287 442 3332 et
460 3282 583 3344 colligata
601 3289 651 3333 eet.
691 3277 1120 3346 modoitiuerupedibneambobue
1128 3277 1222 3340 ealeet,
1288 3301 1291 3308 ,

122 3360 212 3413 Quare
230 3358 252 3408 ei
270 3357 365 3407 ‘rara'
386 3355 473 3420 cadat,
486 3369 514 3408 et
525 3363 533 3386 ‘
544 3357 652 3408 eibiam’
692 3358 781 3423 eioqne
795 3357 855 3422 jare
873 3356 975 3406 (licetur
991 3352 1070 3404 bivia.
1103 3352 1166 3402 Vari
1177 3365 1221 3402 an·

121 3436 199 3487 einrul
218 3449 277 3486 eum
298 3433 344 3484 illa
364 3431 458 3484 oadera
477 3447 583 3484 neeeeee
603 3439 654 3486 ert.
692 3442 755 3500 tem,
770 3432 941 3486 teeteeodem
949 3433 1040 3493 Ferro,
1053 3429 1143 3493 Valgie
1160 3442 1223 3479 con·

121 3511 202 3564 Unde
213 3515 286 3562 reete
302 3507 416 3560 dietum:
435 3523 516 3560 uren
533 3509 599 3560 uitia
615 3523 653 3560 aa·
693 3509 767 3562 traril
779 3516 838 3560 runt
848 3504 1222 3573 quieturalrabentintroreue

121 3589 263 3652 quituqlfe.
295 3586 348 3636 Sed
360 3584 428 3634 unde
439 3583 510 3634 dicta
527 3585 562 3635 alt
578 3584 653 3649 eilia,
693 3586 810 3636 incurva.
830 3583 907 3634 Unde
916 3581 1001 3634 facille
1009 3585 1037 3630 et
1046 3585 1151 3644 apertur
1162 3591 1222 3643 pto-

121 3662 430 3729 inquitidern,etotrurn
441 3659 653 3724 anuntiabo.
693 3660 777 3712 verbil
796 3657 895 3723 rentur,
916 3656 1022 3721 aequiter
1041 3669 1100 3705 uara
1126 3653 1223 3716 limen,

122 3741 207 3799 eonio,
226 3755 259 3792 an
279 3739 352 3800 eioiq
367 3744 398 3788 ut
418 3737 445 3788 in
464 3737 575 3800 filomio,
591 3737 654 3788 acri·
695 3735 864 3798 eeuvelganr,
881 3733 968 3783 vitium
979 3745 1058 3780 anum
1076 3728 1146 3778 alind
1163 3734 1224 3792 poet

122 3815 238 3868 bendum
248 3815 293 3878 eit,
309 3814 404 3866 nereio.
435 3813 501 3864 Mibi
516 3811 612 3864 suffieit
627 3815 656 3864 et
695 3823 723 3862 re
733 3811 825 3862 vitium
834 3808 922 3874 trabit,
935 3821 1016 3870 ungar
1028 3805 1086 3855 atine
1095 3817 1170 3866 nugo
1183 3816 1223 3850 re·

123 3893 299 3958 proverbium,
309 3898 336 3941 et
346 3891 401 3955 eJ‘us
412 3889 656 3952 interpretationem
696 3895 820 3952 quuntur.
852 3885 904 3936 Qui
921 3897 1011 3934 renone
1026 3885 1068 3931 ert
1082 3875 1224 3930 Aueouiaui

124 3966 575 4021 exueteriGramuratieoinrlleaere.
593 3964 657 4014 Pro·
694 3963 770 4028 liujur
781 3965 840 4014 loci.

125 4046 243 4097 verbiuru
255 4043 400 4109 quadratio
412 4056 467 4098 eur,
484 4040 528 4105 qui
539 4053 598 4091 eum
611 4040 656 4089 nui
727 4037 739 4072 θ’
756 4039 894 4102 Quanquam
906 4035 960 4106 fiae
978 4030 1095 4100 tegitim]
1115 4027 1151 4076 lit
1170 4025 1226 4089 legi

124 4122 192 4171 vitio
204 4119 366 4176 indulserint,
382 4116 597 4180 deploretaonrnl
613 4129 655 4165 ve·
695 4114 809 4176 astricto,
825 4123 854 4163 ut
865 4119 1014 4182 remper'in·
1021 4102 1263 4182 nio·rit‘re'pliinnmiTi'l‚w
1275 4177 1296 4185 ᾖ

125 4197 262 4260 recentia,
274 4185 306 4246 ,et
326 4192 464 4259 profligato
485 4193 594 4257 pudore,
621 4191 657 4244 ad
695 4204 784 4241 rocem
796 4189 907 4240 desinat.
