3034 4878
608 367 814 416 PElllOGllAE·
1190 361 1254 426 839

163 507 306 590 dapibus
321 508 486 590 expletuS,
513 529 598 590 quas
625 511 719 575 caede
745 511 909 574 sociorum
936 511 1009 594 ejus
1036 514 1250 595 instruxerat,

164 612 243 673 vino
268 611 380 685 etiam,
399 610 486 692 qnod
510 610 631 676 Ulixes
656 613 852 693 ingesserat,
877 614 1088 692 temulentus,
1115 637 1191 681 cnm
1217 620 1251 683 in

162 731 313 774 somnum
328 711 571 793 procubuisset,
587 715 630 778 ab
647 713 749 776 Ulixe
763 720 1054 797 caecatus,poenas
1068 719 1253 785 immanita·

162 813 207 876 tis
222 813 377 877 exsolvit.

159 993 190 1042 ra
205 995 396 1056 mnmriaolentia
407 1011 463 1059 qaae
473 1001 627 1059 apparaverat
638 996 770 1055 interfectis
785 997 851 1046 illiue
865 997 996 1060 comitibus,
1006 999 1083 1048 ebriae
1100 1016 1186 1064 quaque
1196 1003 1249 1050 vireo

161 1061 222 1120 qaod
236 1060 319 1108 Ulixes
330 1059 432 1108 eretriae
448 1060 568 1120 insrrderat
586 1063 616 1124 ei,
633 1071 685 1110 ram
694 1061 805 1122 jacuerat
816 1062 913 1126 sopitas,
924 1069 1053 1113 excecatus
1063 1065 1094 1114 ab
1106 1066 1186 1130 Ulixe,
1206 1066 1249 1114 luit

160 1124 298 1187 suppliciam
312 1139 362 1172 aaa
372 1126 529 1175 cnedrlitatie.

432 1332 624 1380 rnaroenn
641 1333 680 1381 Χ.
705 1332 894 1382 onrssnn.
937 1321 1002 1384 454

270 1459 408 1526 AEolr'am
423 1474 580 1527 ventorum
592 1463 715 1549 agimur
727 1465 923 1550 patriamque
938 1465 1126 1552 domumque.

203 1595 237 1660 2.
258 1592 351 1661 Hinc
365 1596 463 1662 refert
474 1597 619 1661 AEoliam
633 1617 670 1663 se
684 1598 791 1664 luisse
802 1606 1000 1681 pervectum,
1012 1600 1178 1684 donisque
1190 1601 1250 1666 do·

160 1704 275 1760 natum
288 1699 331 1762 ab
346 1699 449 1764 AEolo
461 1719 535 1782 rege
550 1704 736 1777 ventorum,
751 1701 810 1784 qui
835 1700 990 1764 omnibus
1012 1703 1150 1766 comiter
1162 1723 1250 1784 prae-

160 1798 250 1877 bitis,
266 1820 334 1883 quo
349 1804 495 1866 securior
509 1802 690 1884 navigaret,
705 1808 822 1868 ventos
834 1803 936 1866 etiam
951 1801 1076 1867 dederit
1089 1809 1159 1867 utre
1169 1822 1249 1868 con·

159 1901 293 1966 clusos:
316 1910 427 1986 utque,
442 1922 516 1967 cum
526 1902 597 1986 jam
612 1902 739 1968 Ithacae
755 1904 1003 1987 propinquaret,
1018 1903 1147 1968 retusus
1160 1906 1250 1970 sitin
1276 1927 1280 1936 ·

160 2021 333 2086 soporem;
357 2003 507 2088 sociique
524 2004 597 2089 ejus
607 2024 690 2086 opes
705 2004 837 2086 aliquas
852 2006 887 2068 in
900 2013 1010 2069 scorto
1021 2014 1031 2044 ¹
1042 2013 1054 2041 ¹
1067 2005 1176 2071 inesse
1188 2024 1247 2072 ex-

159 2105 357 2183 istimantes,
373 2106 551 2169 dormiente
572 2107 660 2188 ipso,
674 2106 810 2170 vincula
825 2106 1059 2172 dissolverint:
1081 2107 1248 2176 adversis·

159 2225 224 2288 que
240 2205 375 2272 fletibus
398 2209 441 2271 ab
466 2208 543 2291 ipsa
566 2207 675 2290 petria
695 2208 790 2291 jam²
812 2209 881 2272 sint
903 2209 1007 2272 relati.
1049 2208 1082 2272 3.
1105 2208 1187 2274 Inde
1211 2219 1248 2278 ut

157 2309 390 2392 Antiphaten,
416 2309 738 2393 laestrygonasque
761 2309 890 2374 delatus
915 2309 967 2374 sit.
1022 2311 1075 2376 lbi
1096 2313 1245 2390 amissis,

159 2431 227 2475 una
241 2411 363 2488 minus,
378 2411 493 2474 ceteris
504 2412 664 2489 navibus,
680 2411 832 2476 Circeum
853 2411 950 2476 littus
965 2415 1146 2478 accesserit
1155 2401 1170 2477 :⁸
1185 2416 1247 2480 ibi·
1330 2448 1338 2461 κ

158 2533 223 2598 que
237 2513 397 2577 veneficio
412 2515 557 2596 potentis
581 2514 665 2578 Deae
681 2513 910 2598 Eurylochus‘
926 2521 961 2578 et
978 2515 1144 2598 praemissi
1169 2533 1243 2582 curn

188 2699 327 2758 Deserimar
336 2701 361 2748 io
370 2700 473 2750 AEotiam
484 2701 584 2749 insulam
593 2701 696 2763 patriam
707 2706 730 2751 et
740 2701 907 2750 habitationem
917 2706 1044 2751 ventarum.

190 2763 281 2812 Narrat
292 2764 374 2812 deinde
385 2765 467 2813 [Ilien
477 2779 501 2814 ee
511 2765 613 2813 delatum
618 2765 728 2823 satereia
738 2765 841 2812 AEoliam
851 2766 958 2826 menam,
967 2767 991 2813 et
999 2768 1105 2813 ornatam
1113 2763 1245 2813 maenibus

154 2826 185 2875 ale
200 2829 270 2876 AEolo
279 2842 334 2890 rege
345 2833 473 2890 ventarum,
482 2831 522 2891 qui
532 2843 583 2878 cam
595 2829 616 2877 ei
626 2830 727 2878 dedisset
736 2829 836 2890 benigne
846 2829 923 2877 emnia
933 2829 1070 2889 necesaria,
1082 2829 1146 2877 dedit
1157 2843 1244 2892 qaoque

153 2895 236 2939 center
247 2892 347 2940 inclusae
361 2892 387 2940 ia
396 2894 458 2952 folle
468 2900 565 2954 scortea,
576 2898 602 2940 at
614 2892 689 2941 latiae
700 2893 831 2953 aavssaret.
863 2893 897 2940 Et
914 2894 1023 2954 puerperio
1038 2893 1141 2952 jacuerit
1154 2893 1243 2953 sopitus

154 2969 207 3002 cum
216 2955 270 3015 jam
286 2957 481 3020 appropinquaret
498 2958 587 3006 ltlracoe
595 2972 605 3014 ,·
622 2957 754 3005 aeremitae
770 2958 807 3005 eui
824 2960 933 3018 putantes
943 2970 994 3005 eree
1003 2957 1094 3019 aliquae
1108 2956 1207 3005 divitiae
1219 2958 1245 3004 io

154 3021 217 3066 cario
228 3021 277 3082 illa,
287 3022 397 3070 solverint
406 3021 521 3082 ligaraiaa
532 3021 597 3071 illiue
607 3022 662 3068 dum
671 3023 721 3083 ipse
731 3021 857 3069 dormiret.-
877 3025 901 3068 et
911 3019 1093 3080 rejectifaeriat
1104 3021 1180 3070 aeatie
1190 3035 1244 3068 aar·

156 3083 241 3131 trariis
259 3087 341 3146 procul
357 3101 374 3136 a
390 3085 470 3148 patria
486 3101 529 3136 erra
544 3100 594 3148 aaa
603 3085 657 3144 jam
674 3090 726 3134 erat
742 3085 767 3132 ia
783 3089 911 3146 conspectu.
946 3085 1033 3133 Postea
1043 3090 1125 3133 namt
1135 3086 1244 3147 quomodo

155 3153 234 3196 arctae
245 3149 325 3207 faerit
342 3151 373 3198 ad
391 3148 543 3212 Antiphaten
561 3154 585 3198 et
601 3149 775 3213 narragam.
810 3149 844 3196 Et
851 3149 953 3211 perditis
965 3149 1016 3197 illie
1026 3148 1122 3211 reliquis
1139 3146 1245 3196 omuibus

155 3211 263 3276 naribus,
273 3219 371 3276 excepta
381 3229 437 3277 aaa,
448 3215 536 3263 uenerit
547 3215 578 3263 ad
594 3228 659 3262 oram
676 3214 773 3262 Circae:
787 3217 856 3276 atque
874 3214 924 3262 illie
944 3213 1099 3277 Eurylochus,
1111 3217 1137 3262 et
1150 3213 1246 3262 comiter

615 3359 760 3378 ΙΙΙΙΙΙΙ
762 3357 792 3378 Ν

190 3461 203 3504 1
222 3458 252 3506 la
266 3459 317 3506 lora
331 3458 400 3520 vulg.
419 3458 478 3508 vid.
491 3459 553 3508 Not.
564 3456 659 3508 rue-a
675 3460 683 3487 ‘
697 3457 734 3506 Ob
753 3457 862 3519 vieap'am
872 3457 964 3520 poda]
988 3456 1031 3505 Sic
1047 3455 1169 3507 Barthiue
1182 3469 1245 3518 pro:

124 3541 127 3547 ·
156 3521 187 3569 ab
203 3522 254 3583 ipra
265 3523 289 3582 j.
304 3537 329 3584 pt
358 3521 436 3572 Ovid.
452 3523 559 3573 Metam.
578 3523 622 3572 lib.
640 3536 701 3572 xrv.
717 3530 775 3585 past
797 3523 951 3571 Homerum:
967 3522 974 3548 ‘
988 3523 1115 3586 Flatuque
1135 3518 1246 3570 secundo

156 3585 268 3635 Laribus
280 3586 330 3635 isse
341 3600 440 3649 norem,
450 3594 478 3636 et
489 3595 583 3637 terram
594 3587 722 3651 aspexisse
732 3585 869 3651 petitarrr.’'
886 3586 1005 3636 Floridae.

650 3725 758 3775 NOTAE

200 3826 211 3851 ²
237 3819 266 3867 ln
283 3819 369 3882 ecarto]
395 3819 462 3872 Hoec
485 3822 563 3872 lectio
586 3822 682 3872 codicis
721 3823 770 3870 nior
789 3822 814 3872 in
829 3820 917 3880 ltalia,
930 3818 1047 3868 Formias
1071 3814 1159 3864 urbem
1178 3813 1246 3864 ioco·

157 3911 209 3945 non
218 3896 304 3944 multra
316 3897 384 3958 apud
395 3898 519 3962 Mariang.
530 3897 682 3947 Accureium
722 3899 815 3946 lentes.

157 3973 229 4034 fidei,
239 3972 301 4020 mibi
319 3972 480 4036 praeferenda
498 3976 589 4038 procul
605 3974 683 4024 dubia
754 3971 937 4037 cEurplrelrrre]
965 3968 1042 4018 Hunc
1066 3965 1170 4028 excipit
1195 3965 1248 4013 llo·

159 4049 265 4097 videtur
280 4049 384 4110 ceteris,
395 4064 457 4113 qrrae
476 4056 604 4114 aggerant
624 4051 684 4111 lara,
722 4063 815 4111 merus,
828 4049 914 4112 aitque
927 4045 1052 4096 restitisse
1060 4057 1118 4091 eum
1130 4040 1247 4104 adjanu·

157 4127 289 4184 taratara.
306 4123 593 4176 Scortomeeteorium.
723 4138 771 4184 em,
797 4130 824 4172 et
848 4121 967 4172 retulisse
990 4119 1022 4169 ed
1047 4118 1151 4170 Ulixem
1180 4117 1248 4182 qaod

190 4198 412 4264 marramque]
440 4200 554 4266 Populos
577 4201 685 4265 Campa·
724 4197 799 4250 sociis
810 4198 863 4248 euie
875 4196 1018 4247 accidisset.
