3000 4882
484 387 711 439 ennrrnnuu
735 387 860 440 norro.
1155 373 1220 442 783

125 534 270 598 riosns¹⁹
292 533 359 611 ille,
388 533 624 616 municipalem
654 534 842 598 scholaml·
864 534 955 617 apud
984 533 1219 600 Visontionem

124 633 390 717 Lugdunumque
403 634 649 712 vadandomon
664 641 764 700 aetate
778 635 923 717 quidem,
935 636 992 700 sed
1003 636 1129 702 vilitate
1140 656 1219 702 con-

13 757 19 768 ·
117 735 246 801 senuit.
288 735 343 799 32.
364 735 476 800 Unica
490 735 572 800 mihi
586 735 817 818 amplectenda
829 742 881 800 est
895 733 1091 800 Frontonisi
1106 738 1219 802 imita·

123 838 191 901 tio:
225 857 325 919 quem
348 843 456 901 tamen
481 835 627 919 Augusti
636 844 664 873 ²⁰
689 832 907 918 magistrum¹⁵
941 838 991 899 sic
1016 835 1218 902 Consulatus

123 939 267 1015 ornavit,
291 945 328 1001 ut
343 936 553 1002 Praefectura
567 957 632 1000 non
648 938 802 1020 cingeret.
846 937 913 1000 Sed
936 935 1138 1002 Consulatus
1159 938 1216 1004 ille

124 1037 361 1122 cujusmodil¹
413 1037 588 1102 Ordinatio
613 1037 784 1116 suffectus,
808 1037 961 1101 bimestri
982 1039 1096 1120 spatio
1120 1040 1217 1104 inter-

121 1237 263 1288 Moscimini.
295 1239 331 1288 At
340 1238 381 1288 iile
390 1238 510 1302 “patior
519 1239 588 1302 paulo
596 1240 706 1286 mutando
717 1239 798 1286 ludum
808 1252 875 1288 suum
882 1240 1053 1304 municipales,
1059 1243 1121 1304 opud
1132 1241 1218 1291 Veson-

121 1303 211 1350 tionem
221 1308 244 1352 et
257 1302 405 1364 Lugdunum,
415 1303 526 1361 exolevit,
536 1317 582 1350 non
589 1302 653 1350 senio
661 1303 762 1366 quidem,
769 1304 809 1352 sed
817 1304 954 1364 rijemione.
987 1304 1068 1354 &lum
1076 1305 1217 1355 Frontonem

121 1381 250 1426 agnoscere
256 1381 350 1430 possum
358 1368 477 1426 amulum,
490 1367 530 1430 qui
540 1366 691 1415 sisinninm
702 1373 833 1428 preceptor
844 1369 997 1430 Imperatoris
1008 1370 1043 1417 itu
1051 1372 1173 1418 decomtus
1181 1375 1217 1418 est

123 1432 263 1490 Consulatu,
274 1436 301 1480 ut
309 1447 355 1480 uon
365 1437 489 1480 crueretur
500 1430 656 1489 Prcsecturn.
690 1432 725 1478 At
735 1431 869 1492 quntissuit
878 1433 917 1480 iile
930 1431 1091 1482 Consulatus?
1102 1433 1216 1482 Subditus

115 1492 169 1550 fuit
181 1494 207 1543 in
217 1496 291 1544 locum
300 1496 407 1544 Consulis
416 1495 540 1559 ordinarii,
550 1495 653 1544 insertus
660 1509 755 1542 nummo
767 1494 893 1544 Consulum
900 1511 943 1558 pur
951 1499 1008 1546 duos
1019 1502 1110 1546 tuntum
1120 1509 1216 1558 utentes,

116 1745 250 1794 Commodo
262 1744 444 1794 Titianus-ro
460 1743 643 1805 Sedglorionus
657 1747 727 1808 vulg.
753 1743 796 1795 Al.
813 1745 908 1794 Scilicet
917 1745 1041 1806 gloriosus.
1063 1746 1216 1810 Suspicatus

122 1809 270 1858 Gronovius
281 1811 314 1858 ab
326 1808 438 1859 Ausonio
450 1807 545 1858 fuisse:
563 1810 612 1858 Sed
617 1809 766 1871 gloricsulus.
782 1809 856 1858 Idem
866 1811 1120 1860 centunculum-uu
1137 1811 1217 1860 ‘For-

122 1872 598 1986 ttttttttttttttuttl⁰”¹
613 1873 1216 1988 lttttut'ttttttttttttletti

123 1953 322 2064 cupersanensis,
341 1953 534 2051 dieitp'l'oliius:
552 1953 804 2052 effignumerogtoite
821 1954 1044 2063 singularitute
1056 2017 1116 2052 usus
1127 2012 1177 2064 est,
1187 2013 1217 2052 ut

119 2079 175 2114 rem
187 2067 282 2130 elevet,
292 2067 498 2129 minuatque-1
515 2066 657 2115 Ausonium
668 2066 810 2130 scripsisse,
824 2066 889 2115 dicit
904 2066 1036 2116 Acidalius
1052 2081 1080 2116 se
1099 2067 1215 2130 credere,

632 2211 739 2261 NOTAE

120 2327 218 2377 tianum
238 2331 313 2375 reete
331 2325 453 2374 observat
468 2323 580 2373 Vinctus
597 2338 647 2373 non
688 2338 767 2374 causa
778 2325 956 2389 municipalem
967 2327 1045 2391 dixit,
1061 2328 1129 2391 qrris,
1140 2336 1169 2378 ut
1179 2330 1216 2379 sit

120 2418 180 2452 eum
192 2417 249 2453 esse
260 2401 368 2452 Fabium
378 2402 519 2464 Titianum,
533 2401 577 2465 qui
589 2408 649 2464 post
688 2401 837 2450 sirmondus
850 2403 914 2451 Not.
928 2403 959 2452 ad
970 2403 1112 2465 Sidonium,
1125 2405 1150 2453 in
1161 2421 1215 2454 mu-

119 2479 265 2529 Ausoniom
293 2492 351 2528 cum
370 2476 478 2527 Aurelio
498 2477 649 2540 Symmacho
673 2475 789 2538 ·nieipiis
800 2477 935 2526 humiliora
952 2485 980 2527 et
995 2477 1145 2528 obscuriora
1155 2487 1216 2530 sunt

122 2556 219 2604 Consul
231 2553 291 2617 tuit,
307 2554 340 2604 de
359 2567 409 2618 quo
420 2551 529 2617 proinde
541 2559 570 2600 ut
581 2552 648 2602 Con·
689 2551 784 2600 omnia.

120 2631 176 2680 sole
187 2631 244 2694 jum
255 2629 326 2693 loqui
337 2643 389 2678 non
400 2634 500 2691 posset,
515 2641 599 2691 neque
610 2627 647 2676 di·
720 2623 726 2656 ¹
739 2626 878 2689 Frontonis]
890 2628 916 2676 ls
925 2633 966 2676 est
974 2627 1107 2676 Cornelius
1119 2628 1215 2679 Fronto

119 2720 181 2756 cere
194 2719 252 2754 eum
261 2705 360 2754 vilitnte
369 2702 544 2762 consenuisse,
553 2710 581 2751 ut
589 2716 648 2751 mox
689 2699 772 2749 Murci
794 2702 929 2762 Antonini,
953 2710 1031 2765 atque
1053 2703 1132 2751 etiam
1152 2704 1216 2752 Veri

120 2781 260 2844 subjungit.
292 2779 344 2830 Sed
362 2792 420 2828 enm
432 2791 488 2827 esse
498 2777 597 2828 Julinm
606 2777 647 2824 Ti·
688 2775 752 2824 artis
773 2776 904 2826 Oratoriae
926 2779 1059 2840 magister,
1085 2792 1160 2842 quem
1182 2793 1215 2831 eo

120 2858 220 2907 tianum
232 2854 367 2906 Maximini
379 2853 492 2918 junioris
502 2860 648 2916 praecepto·
689 2863 768 2912 usque
783 2850 878 2899 amavit
888 2851 1007 2913 Marcus,
1022 2858 1053 2902 ut
1065 2859 1178 2900 statuam
1190 2853 1215 2901 ei

119 2948 186 2995 rem,
198 2932 344 2996 Capitolino
354 2929 483 2980 Titianum
494 2929 601 2990 dietum,
614 2928 647 2977 de
687 2921 712 2972 iu
723 2924 821 2974 Senatu
832 2926 947 2989 petierit,
964 2933 993 2976 ut
1009 2927 1034 2975 in
1051 2927 1137 2976 Marci
1153 2929 1215 2977 Vita

119 3023 173 3074 quo
188 3008 244 3071 jam
261 3007 315 3056 disi
327 3008 358 3056 ud
370 3005 437 3054 hunc
449 3019 549 3053 versum
563 3002 647 3052 lamb.
687 2997 770 3052 refert
777 3000 831 3051 Jul.
842 3001 1013 3064 Capitolinus.

119 3085 207 3150 Epist.
219 3098 278 3134 xrs.
294 3082 395 3132 ‘Fundi
407 3082 522 3131 litianus
537 3079 647 3143 artifex:
719 3074 731 3110 Κ
751 3077 827 3132 Quem
848 3082 926 3125 tomen
941 3077 1046 3140 Augusti
1063 3078 1215 3142 magdunum]

119 3161 165 3210 nbi
184 3160 243 3210 vide
254 3160 348 3210 Notus.
381 3157 433 3207 Pro
450 3159 559 3220 quomodo
573 3155 648 3204 litiu-
689 3153 849 3216 Conjiciebat
867 3152 984 3216 Scaliger
1000 3152 1214 3216 seriptnmiuisse

118 3251 166 3286 nus
185 3236 300 3297 magster
316 3233 498 3296 suspicabatur
517 3231 648 3282 Acidalius
687 3229 768 3290 sugg.
786 3229 834 3278 hoc
852 3237 903 3291 est,
919 3228 1111 3290 ‘Augustorum
1122 3231 1214 3294 megis-

121 3313 247 3360 Commodo
266 3309 376 3359 litterius
391 3309 514 3371 magister,
531 3307 600 3373 quod
619 3308 649 3356 li·
689 3302 775 3367 trum‚'
792 3305 853 3367 quia
867 3304 952 3354 Marci
968 3311 997 3353 et
1015 3304 1078 3354 Veri
1095 3303 1144 3354 fnit
1161 3321 1214 3356 ma-

119 3387 185 3438 bens
197 3386 378 3449 amplecterer,
393 3384 441 3433 nisi
454 3383 597 3433 Maximino
604 3383 648 3446 ju·
688 3379 778 3444 gisnes,
795 3378 912 3428 librarios
929 3393 1001 3442 vero,
1017 3380 1109 3430 omisso
1127 3397 1177 3431 uno
1188 3398 1216 3444 g,

118 3463 186 3514 niori
207 3469 394 3528 preceptorem
414 3459 554 3521 Titianum,
573 3460 647 3509 Com·
688 3455 754 3516 Aug.
775 3463 874 3504 tantum
885 3454 1028 3519 scripsisse,
1038 3458 1105 3507 unde
1115 3457 1215 3508 factum

121 3539 198 3589 ruodo
217 3552 278 3588 vero
295 3537 358 3587 alios
377 3536 481 3590 dicendi
501 3535 648 3599 magistros,
686 3527 767 3579 fuerit
793 3531 907 3591 Augusti·
941 3531 983 3579 De
1008 3530 1058 3581 hoc
1083 3532 1213 3582 Frontone

118 3613 333 3679 atqueinterhos
345 3613 509 3671 Frontonem,
526 3610 647 3672 Capitoli·
687 3611 761 3655 vetus
778 3607 911 3670 inscriptio
931 3620 946 3654 a
963 3607 1095 3669 Scaligero
1114 3608 1213 3659 reluta:

119 3707 168 3742 nus
179 3691 333 3754 assignaret.
367 3687 425 3737 Nisi
440 3687 554 3735 dicemus
564 3686 647 3736 Auso·
688 3695 1214 3735 umvrrnro.rnonnonr.snonnnour.nr.

119 3768 191 3816 nium
209 3765 237 3815 in
248 3764 369 3829 discipuli
380 3764 483 3813 nomine
494 3777 605 3824 errasse,
620 3769 648 3811 et
687 3771 817 3810 connum.
826 3772 987 3808 monronis.
995 3771 1140 3810 onsronrs.
1149 3774 1214 3810 cou-

120 3840 290 3892 Commodum
307 3839 421 3904 posuisse
439 3852 484 3900 pro
497 3837 646 3887 Maximino.
686 3845 1214 3884 svers.usursnnr.1uennnronvrs.nvcr

160 3915 172 3950 ¹·
190 3917 357 3979 Municipntem
376 3912 489 3976 sciolum]
514 3913 599 3964 Quum
620 3913 647 3960 in
686 3921 886 3959 unumunurn
902 3921 1214 3960 unmrrsnvsmnvrc·

118 3992 318 4057 municipalibus
333 3990 439 4040 urbibus
450 3988 609 4038 vesontione
620 3995 648 4036 et
686 3995 950 4036 nonrnrmnssrsurr.
959 3997 1106 4034 veniesne.
1114 3998 1212 4034 consu.

120 4069 247 4134 Lugduno
265 4067 386 4117 habebut.
421 4064 518 4115 Notum
537 4063 600 4128 quid
613 4063 647 4112 sit
687 4075 735 4112 nrs.
747 4075 863 4112 rnonno.
880 4073 989 4112 consus.
1003 4074 1087 4111 rrnro.
1104 4073 1213 4116 nuncu·

119 4147 127 4175 ¹
141 4141 325 4206 municipium!
685 4152 758 4188 srnro.

154 4221 169 4252 ³
190 4219 358 4286 Munidpclem
377 4215 489 4282 sedulum]
513 4213 644 4266 'l'ennandi
