2998 4884
279 350 344 417 478
413 285 421 304 ·
751 361 906 412 lusoris

280 507 452 572 Innocuos
464 504 587 569 ratium
602 502 732 585 pulsus,
747 521 940 586 pugnosque
948 503 1102 586 jocantes

280 607 514 683 Naumachiae,
529 604 643 669 Siculo
657 603 776 685 quales
792 606 967 685 spectante
982 602 1103 668 Peloro

282 707 460 772 Goeruleus
473 705 572 770 viridi
586 708 717 787 reparat
732 704 794 767 suh
808 703 952 785 imagine
966 709 1105 785 pontus.

281 809 363 874 Nou
377 809 475 871 aliam
490 806 636 887 speciem
650 803 874 887 pendentibus
888 803 981 868 addit
995 801 1134 884 ephebis

281 909 513 990 Pubertasque
527 907 644 983 amnis,
657 912 692 969 et
703 904 787 988 picti
800 912 907 970 rostra
921 904 1075 988 phaselli.

283 1007 359 1072 Hos
375 1006 583 1090 Hyperionio
596 1024 672 1069 cum
685 1004 744 1070 Sol
759 1004 943 1088 perfuderit
957 1010 1058 1080 metu,

282 1108 409 1173 Reddit
421 1107 575 1171 nautales
591 1105 697 1171 vitreo
714 1107 778 1171 sub
794 1106 919 1188 gurgite
933 1105 1072 1181 formas,

283 1209 327 1275 Et
339 1208 458 1290 redigit
471 1207 602 1291 pandas
616 1209 740 1272 inversi
755 1207 906 1290 corporis
919 1206 1069 1278 umbras.

282 1310 395 1392 thue
407 1308 514 1389 agiles
529 1313 639 1372 motus
653 1306 775 1372 dextra
786 1307 941 1388 hucque
953 1306 1183 1388 frequentant,

282 1407 329 1472 Et
341 1406 554 1473 commutatis
568 1407 734 1472 alternant
746 1406 895 1490 pondera
911 1405 1021 1482 remis,

283 1509 388 1575 Unda
401 1507 501 1572 refert
514 1508 598 1572 alios
614 1508 791 1572 simulacra
803 1508 974 1572 humentia
987 1512 1117 1571 nautas.

282 1611 368 1694 Ipsa
383 1629 446 1673 suo
461 1609 584 1692 gaudet
598 1609 805 1672 simulamine
820 1606 957 1672 nautica
971 1607 1091 1688 pubes,

284 1711 439 1779 Fallaces
453 1711 558 1776 fluvio.
569 1711 686 1774 mirata
701 1710 806 1774 redire
820 1709 950 1792 figuras.

282 1895 347 1944 cisra
356 1893 475 1956 temus,
484 1900 509 1943 et
515 1893 577 1958 fletu
594 1893 723 1943 certarm'rur
741 1890 904 1952 Nusmnelu'oe,
918 1890 996 1952 pucha
1011 1902 1075 1938 more
1091 1889 1202 1938 cerulum
1216 1895 1372 1952 representet

283 1959 326 2008 sub
340 1956 413 2007 siritii
430 1957 506 2019 speeie
523 1962 579 2006 oute
596 1958 706 2006 Pelorum
723 1954 813 2003 Sicilire
828 1953 1021 2017 promontorium·
1063 1953 1143 2002 Talem
1159 1967 1258 2015 prorsus
1274 1956 1376 2019 spgeiem

281 2022 399 2085 proterms
408 2021 457 2069 illis
472 2021 653 2070 udolexentibss
663 2019 748 2069 tribuit
762 2033 841 2066 eorum
851 2017 974 2078 iuvatur,
984 2016 1131 2080 fluviusque,
1141 2021 1165 2066 et
1174 2017 1288 2066 meuse
1297 2020 1377 2079 proris

279 2085 417 2149 picturatis.
452 2085 552 2140 Quando
563 2085 606 2134 Sol
615 2085 658 2134 hor
667 2083 758 2148 uffluoit
768 2082 855 2130 tremiss
869 2095 911 2129 rso
919 2095 1028 2143 mpmo,
1036 2079 1115 2142 pingit
1125 2081 1241 2140 imagines
1250 2085 1378 2130 mutursrss

283 2151 326 2200 ssi
339 2163 402 2211 oque
414 2148 519 2210 limpido,
529 2153 554 2196 et
565 2147 682 2197 contraiit
694 2150 803 2195 euresius
813 2144 908 2194 erubrus
923 2144 1026 2206 eorporis
1035 2143 1132 2194 inuersa
1165 2143 1200 2192 Et
1216 2149 1286 2206 prout
1297 2145 1378 2193 erebro
1401 2201 1403 2204 ,

282 2215 393 2261 emerem
400 2216 476 2259 motus
483 2211 567 2259 celeres
577 2213 608 2259 od
617 2213 727 2259 deutrum
737 2214 762 2256 et
774 2210 804 2256 nd
814 2207 948 2268 usturam,
967 2212 991 2256 et
1002 2209 1112 2256 macedo
1122 2207 1236 2270 puseus
1245 2208 1378 2270 smcipisst

284 2287 355 2324 curru
370 2273 481 2334 Mors,
498 2288 559 2336 equo
573 2274 667 2323 cullibet
678 2273 784 2321 humidos
799 2271 916 2330 imagines
927 2271 1026 2320 uuna
1035 2276 1167 2320 morsm.
1198 2271 1380 2333 Ipssjuocrrlrsr

284 2337 379 2388 mtico
387 2338 475 2398 gaudet
484 2351 528 2386 ruo
544 2336 657 2400 tormer,
676 2335 795 2386 admirnm
803 2333 878 2398 fletus
893 2348 947 2384 rsus
960 2335 1054 2394 fumus
1063 2335 1161 2386 sslisde
1171 2349 1285 2398 apparere
1294 2335 1320 2384 iu
1325 2334 1379 2402 fle·

738 2475 917 2497 menneo»

284 2577 429 2627 Vsu-218
447 2574 532 2630 Qualis
542 2573 707 2625 scribendum
721 2579 810 2624 monet
830 2573 1022 2637 circumisset
1041 2574 1197 2636 Gronovius,
1211 2574 1303 2639 hicque
1322 2589 1380 2624 ser·

285 2654 341 2689 sum
364 2639 401 2688 ita
423 2637 576 2700 distinguite
596 2637 751 2708 Noumuclrioe
770 2637 849 2687 &culo
867 2639 950 2700 quode,
1007 2644 1085 2690 rtuute
1104 2638 1198 2701 Peloro,
1217 2639 1380 2690 Cererem.-

284 2707 332 2752 221
350 2699 473 2752 Barthius
488 2701 566 2762 legit:
585 2702 754 2764 Pubertmqse,
772 2702 901 2764 omnisque,
918 2717 967 2767 quo
1006 2703 1084 2752 etiam
1100 2703 1287 2752 Tollius—223
1304 2703 1379 2752 Idem

286 2765 407 2816 Barthius
418 2772 507 2816 censet
517 2764 626 2814 Poie'tam
638 2764 786 2828 scripsisses
803 2779 849 2813 aon
864 2767 931 2814 tolet.
965 2766 1039 2815 Nihil
1053 2766 1203 2815 mutandum
1219 2767 1302 2830 inquit
1319 2768 1380 2817 'l'ol-

285 2831 350 2882 lius:
368 2845 426 2879 uum
448 2843 496 2886 nec
517 2835 651 2885 sustsrum,
666 2842 715 2878 neo
736 2828 852 2890 sumum,
876 2842 924 2878 neo
943 2830 1038 2878 munies
1053 2830 1136 2893 possit
1154 2830 1204 2878 viru
1223 2831 1284 2878 novi
1302 2829 1380 2893 lrrrjus

283 2894 401 2946 vocabuli
415 2893 654 2958 exprimere-224
670 2890 724 2941 Alii
738 2892 831 2942 reddit:
847 2891 892 2942 red
903 2891 931 2940 rb
941 2893 1030 2954 redigit
1044 2893 1148 2944 minime
1163 2894 1311 2944 mutandum
1322 2909 1378 2943 mo·

774 3021 881 3074 Nosffi

284 3117 345 3167 olim
355 3116 495 3167 interorum
512 3118 599 3176 limen,
618 3119 656 3168 sio
673 3119 762 3181 altum,
779 3125 810 3168 ut
849 3117 984 3182 Hyperion
994 3118 1078 3170 dietus
1090 3123 1128 3170 est
1138 3118 1191 3181 Sol,
1204 3117 1314 3168 testibus
1324 3119 1377 3168 Eu-

282 3191 397 3253 imaejus
409 3205 469 3254 pers
479 3192 639 3255 apprehendi
655 3207 705 3242 nou
717 3193 809 3256 possit,
849 3193 945 3244 stethio
956 3198 984 3242 et
998 3194 1087 3256 suida,
1104 3194 1174 3258 quod
1192 3195 1226 3244 sit
1244 3191 1300 3257 ὑπὲρ
1316 3189 1379 3255 ἡμᾶς

284 3272 352 3315 teste
361 3265 438 3316 Vibio
449 3266 599 3330 Sequestro.
802 3295 805 3306 ·
849 3267 897 3331 tire,
914 3269 1215 3334 ‘supranosgrsdisua'

315 3338 331 3367 ⁹
346 3342 394 3388 221
412 3339 662 3402 Pubertssqueoruris,
672 3340 726 3403 tra]
742 3340 808 3390 Nos·
880 3348 929 3395 etl
945 3346 981 3394 Et
990 3345 1090 3408 redigit,
1100 3345 1153 3410 tra]
1169 3344 1277 3395 Aecum.
1288 3347 1378 3410 reddit,

282 3415 584 3466 terBsrthiumsecutus
602 3416 628 3464 in
646 3415 808 3479 Interprete-
848 3421 923 3470 mele.
956 3419 1049 3484 Neque
1068 3419 1282 3482 enimelegantioe
1294 3419 1380 3471 Auso·
1489 3451 1492 3458 »

282 3489 364 3552 tione,
377 3488 524 3553 pubertatem
538 3489 571 3539 sb
580 3505 647 3539 omae
656 3490 808 3554 distinguit3
848 3494 932 3544 nisnae
943 3493 1023 3543 fuerit
1034 3508 1124 3544 vocem
1135 3493 1204 3544 illam
1215 3509 1378 3560 consequen·

282 3563 351 3613 unde
363 3564 522 3614 cumeodeur
537 3565 644 3616 Barthio
661 3567 748 3629 legere
763 3565 808 3616 de·
848 3575 889 3618 ter
910 3568 949 3618 bis
969 3583 1102 3633 usurpare,
1126 3583 1177 3618 non
1199 3568 1255 3618 siue
1275 3570 1378 3620 surium

282 3638 355 3689 buit:
368 3638 527 3703 Metaque
537 3641 714 3704 annueretis.
735 3640 809 3690 Nihil
848 3642 971 3694 fastidio:
987 3643 1103 3694 ‘Reddit
1114 3645 1240 3704 nsnmles,
1257 3647 1307 3695 &e
1339 3647 1378 3696 Et

282 3718 369 3762 entem
379 3713 563 3764 immutandum
573 3729 675 3765 censeo.
703 3713 808 3764 Etenim
848 3719 937 3769 reddit
948 3718 1063 3784 pandas,’
1071 3723 1120 3771 dre.
1152 3719 1297 3770 Hisrerhis
1310 3722 1374 3772 ire.

281 3786 421 3852 ‘pubertas
433 3788 530 3838 smnis'
546 3797 608 3839 sunt
624 3789 712 3839 herbae
724 3797 752 3838 et
767 3804 807 3838 sr-
847 3793 914 3857 digit
926 3792 1043 3857 pendas,'
1052 3796 1103 3844 dre.
1120 3793 1244 3857 exprimit
1255 3800 1377 3846 contree-

282 3863 358 3914 bores
378 3878 442 3926 quer,
455 3863 524 3928 ripas
545 3864 669 3924 vestiunt,
686 3871 716 3914 ut
733 3871 807 3915 recte
847 3868 944 3918 tionem
962 3868 1032 3917 illam
1050 3881 1109 3931 que,
1124 3867 1184 3918 Sole
1200 3867 1277 3918 altius
1296 3883 1377 3932 supra

282 3943 391 3988 sonotst
415 3939 570 4002 Mussipont.
611 3939 711 3988 Eodem
733 3953 809 3990 sensu
846 3948 926 4007 csput
937 3948 1051 3992 cosmum
1060 3943 1140 4004 elato,
1151 3942 1273 4005 projecte
1284 3944 1317 3994 td
1327 3945 1376 3996 hu·

281 4013 382 4062 Plinius
392 4013 410 4064 1.
423 4026 508 4064 xxrrr.
525 4015 639 4066 Prooem.
653 4014 737 4065 dixit:
754 4016 808 4065 ‘in·
846 4031 915 4067 mum
926 4016 1024 4068 umbra
1036 4017 1062 4064 in
1076 4015 1245 4080 longitudine,
1264 4031 1316 4072 nou
1330 4031 1375 4080 su·

281 4087 403 4148 cipientis
413 4103 471 4138 urm
482 4088 624 4152 pubertas:
681 4117 687 4140 ι
847 4098 899 4143 tem
910 4093 937 4143 in
947 4091 1084 4143 sltiludiue
1096 4091 1252 4142 minuuntur.
1276 4109 1279 4116 ·

314 4162 806 4228 mliwmmio18uperiusgrsdieute.
