<?xml version="1.0" encoding="UTF-8"?>
<!DOCTYPE html PUBLIC "-//W3C//DTD XHTML 1.0 Transitional//EN"
    "http://www.w3.org/TR/xhtml1/DTD/xhtml1-transitional.dtd">
<html xmlns="http://www.w3.org/1999/xhtml" xml:lang="en" lang="en">
 <head>
  <title>
</title>
<meta http-equiv="Content-Type" content="text/html;charset=utf-8" />
  <meta name='ocr-system' content='tesseract 3.04.00' />
  <meta name='ocr-capabilities' content='ocr_page ocr_carea ocr_par ocr_line ocrx_word'/>
</head>
<body>
  <div class='ocr_page' id='page_1' title='image "./dmagniausoniibu02ausogoog_0119.png"; bbox 0 0 3026 4898; ppageno 0'>
   <div class='ocr_carea' id='block_1_1' title="bbox 313 361 930 426">
    <p class='ocr_par' dir='ltr' id='par_1_1' title="bbox 313 361 930 426">
     <span class='ocr_line' id='line_1_1' title="bbox 313 361 930 426; baseline -0.013 0"><span class='ocrx_word' id='word_1_1' title='bbox 313 361 378 426; x_wconf 73' lang='lat'>56¹2</span> <span class='ocrx_word' id='word_1_2' title='bbox 777 370 930 422; x_wconf 75' lang='lat' dir='ltr'>nuruum</span> 
     </span>
    </p>
   </div>
   <div class='ocr_carea' id='block_1_2' title="bbox 313 511 1401 898">
    <p class='ocr_par' dir='ltr' id='par_1_2' title="bbox 313 511 1401 898">
     <span class='ocr_line' id='line_1_2' title="bbox 315 511 1401 599; baseline -0.006 -19"><span class='ocrx_word' id='word_1_3' title='bbox 315 518 391 593; x_wconf 88' lang='lat' dir='ltr'>Dic,</span> <span class='ocrx_word' id='word_1_4' title='bbox 412 517 493 599; x_wconf 91' lang='lat' dir='ltr'>quid</span> <span class='ocrx_word' id='word_1_5' title='bbox 508 513 690 596; x_wconf 78' lang='lat' dir='ltr'>significent</span> <span class='ocrx_word' id='word_1_6' title='bbox 707 514 871 578; x_wconf 81' lang='lat' dir='ltr'>catalecta</span> <span class='ocrx_word' id='word_1_7' title='bbox 886 511 1058 576; x_wconf 76' lang='lat' dir='ltr'>Maronis?</span> <span class='ocrx_word' id='word_1_8' title='bbox 1080 511 1179 576; x_wconf 88' lang='lat' dir='ltr'>iubis</span> <span class='ocrx_word' id='word_1_9' title='bbox 1278 512 1311 574; x_wconf 89' lang='lat' dir='ltr'>al</span> <span class='ocrx_word' id='word_1_10' title='bbox 1376 511 1401 574; x_wconf 84' lang='lat'><strong>5</strong></span> 
     </span>
     <span class='ocr_line' id='line_1_3' title="bbox 313 612 1311 700; baseline -0.008 -19"><span class='ocrx_word' id='word_1_11' title='bbox 313 617 481 688; x_wconf 77' lang='lat' dir='ltr'>Celtarum</span> <span class='ocrx_word' id='word_1_12' title='bbox 497 617 619 700; x_wconf 89' lang='lat' dir='ltr'>posuit,</span> <span class='ocrx_word' id='word_1_13' title='bbox 638 614 792 697; x_wconf 82' lang='lat' dir='ltr'>sequitur</span> <span class='ocrx_word' id='word_1_14' title='bbox 806 631 873 676; x_wconf 88' lang='lat' dir='ltr'>nou</span> <span class='ocrx_word' id='word_1_15' title='bbox 887 612 1032 678; x_wconf 83' lang='lat' dir='ltr'>lucidius</span> <span class='ocrx_word' id='word_1_16' title='bbox 1240 615 1311 674; x_wconf 87' lang='lat' dir='ltr'>tau.</span> 
     </span>
     <span class='ocr_line' id='line_1_4' title="bbox 314 713 1309 798; baseline -0.007 -18"><span class='ocrx_word' id='word_1_17' title='bbox 314 715 504 798; x_wconf 88' lang='lat' dir='ltr'>Imperium,</span> <span class='ocrx_word' id='word_1_18' title='bbox 517 716 621 793; x_wconf 90' lang='lat' dir='ltr'>litem,</span> <span class='ocrx_word' id='word_1_19' title='bbox 635 715 811 790; x_wconf 85' lang='lat' dir='ltr'>Venerem,</span> <span class='ocrx_word' id='word_1_20' title='bbox 826 733 884 778; x_wconf 90' lang='lat' dir='ltr'>cur</span> <span class='ocrx_word' id='word_1_21' title='bbox 897 733 963 777; x_wconf 85' lang='lat' dir='ltr'>uns</span> <span class='ocrx_word' id='word_1_22' title='bbox 976 717 1067 778; x_wconf 88' lang='lat' dir='ltr'>notet</span> <span class='ocrx_word' id='word_1_23' title='bbox 1234 713 1309 774; x_wconf 83' lang='lat' dir='ltr'>resi</span> 
     </span>
     <span class='ocr_line' id='line_1_5' title="bbox 314 811 1309 898; baseline -0.004 -20"><span class='ocrx_word' id='word_1_24' title='bbox 314 814 417 878; x_wconf 81' lang='lat' dir='ltr'><strong>Estne</strong></span> <span class='ocrx_word' id='word_1_25' title='bbox 432 815 596 898; x_wconf 84' lang='lat' dir='ltr'>peregrini</span> <span class='ocrx_word' id='word_1_26' title='bbox 610 833 678 878; x_wconf 85' lang='lat' dir='ltr'>vox</span> <span class='ocrx_word' id='word_1_27' title='bbox 692 814 842 892; x_wconf 88' lang='lat' dir='ltr'>nominis,</span> <span class='ocrx_word' id='word_1_28' title='bbox 866 833 908 878; x_wconf 91' lang='lat' dir='ltr'>an</span> <span class='ocrx_word' id='word_1_29' title='bbox 924 812 1012 876; x_wconf 84' lang='lat' dir='ltr'>Lutii</span> <span class='ocrx_word' id='word_1_30' title='bbox 1245 811 1309 876; x_wconf 82' lang='lat' dir='ltr'>sili</span> 
     </span>
    </p>
   </div>
   <div class='ocr_carea' id='block_1_3' title="bbox 312 1027 1401 1158">
    <p class='ocr_par' dir='ltr' id='par_1_3' title="bbox 312 1027 1401 1158">
     <span class='ocr_line' id='line_1_6' title="bbox 312 1027 1401 1108; baseline -0.008 -25"><span class='ocrx_word' id='word_1_31' title='bbox 312 1033 372 1084; x_wconf 80' lang='lat' dir='ltr'>milri</span> <span class='ocrx_word' id='word_1_32' title='bbox 382 1034 438 1108; x_wconf 70' lang='lat' dir='ltr'>estid</span> <span class='ocrx_word' id='word_1_33' title='bbox 448 1033 568 1082; x_wconf 75' lang='lat' dir='ltr'>Catuiacia</span> <span class='ocrx_word' id='word_1_34' title='bbox 581 1033 681 1094; x_wconf 73' lang='lat' dir='ltr'><strong>Virgilii</strong></span> <span class='ocrx_word' id='word_1_35' title='bbox 687 1029 841 1108; x_wconf 54' lang='lat' dir='ltr'>ambienti</span> <span class='ocrx_word' id='word_1_36' title='bbox 857 1031 887 1081; x_wconf 78' lang='lat' dir='ltr'>In</span> <span class='ocrx_word' id='word_1_37' title='bbox 897 1031 945 1081; x_wconf 86' lang='lat' dir='ltr'>illis</span> <span class='ocrx_word' id='word_1_38' title='bbox 958 1031 1053 1108; x_wconf 66' lang='lat' dir='ltr'>scripsit</span> <span class='ocrx_word' id='word_1_39' title='bbox 1064 1029 1098 1079; x_wconf 76' lang='lat' dir='ltr'>At</span> <span class='ocrx_word' id='word_1_40' title='bbox 1109 1030 1240 1108; x_wconf 69' lang='lat' dir='ltr'>Gallorum</span> <span class='ocrx_word' id='word_1_41' title='bbox 1265 1027 1330 1106; x_wconf 68' lang='lat' dir='ltr'>peis</span> <span class='ocrx_word' id='word_1_42' title='bbox 1339 1029 1401 1090; x_wconf 69' lang='lat' dir='ltr'>legi</span> 
     </span>
     <span class='ocr_line' id='line_1_7' title="bbox 312 1094 1401 1158; baseline -0.004 -14"><span class='ocrx_word' id='word_1_43' title='bbox 312 1102 354 1145; x_wconf 79' lang='lat' dir='ltr'>tur</span> <span class='ocrx_word' id='word_1_44' title='bbox 361 1112 386 1145; x_wconf 84' lang='lat' dir='ltr'>m</span> <span class='ocrx_word' id='word_1_45' title='bbox 396 1097 428 1145; x_wconf 84' lang='lat' dir='ltr'>ris</span> <span class='ocrx_word' id='word_1_46' title='bbox 437 1097 496 1157; x_wconf 77' lang='lat' dir='ltr'>Tne,</span> <span class='ocrx_word' id='word_1_47' title='bbox 508 1099 568 1158; x_wconf 78' lang='lat' dir='ltr'>qnod</span> <span class='ocrx_word' id='word_1_48' title='bbox 578 1112 624 1145; x_wconf 76' lang='lat' dir='ltr'>aon</span> <span class='ocrx_word' id='word_1_49' title='bbox 634 1102 669 1145; x_wconf 84' lang='lat' dir='ltr'>ert</span> <span class='ocrx_word' id='word_1_50' title='bbox 678 1097 772 1148; x_wconf 81' lang='lat' dir='ltr'>clunes.</span> <span class='ocrx_word' id='word_1_51' title='bbox 805 1096 853 1146; x_wconf 82' lang='lat' dir='ltr'>Dm</span> <span class='ocrx_word' id='word_1_52' title='bbox 863 1109 934 1158; x_wconf 78' lang='lat' dir='ltr'>quare</span> <span class='ocrx_word' id='word_1_53' title='bbox 944 1110 1013 1144; x_wconf 76' lang='lat' dir='ltr'>saaca</span> <span class='ocrx_word' id='word_1_54' title='bbox 1022 1109 1069 1143; x_wconf 78' lang='lat' dir='ltr'>nec</span> <span class='ocrx_word' id='word_1_55' title='bbox 1080 1095 1129 1143; x_wconf 81' lang='lat' dir='ltr'>Res</span> <span class='ocrx_word' id='word_1_56' title='bbox 1141 1094 1259 1156; x_wconf 73' lang='lat' dir='ltr'>mgnrflm</span> <span class='ocrx_word' id='word_1_57' title='bbox 1267 1106 1401 1156; x_wconf 63' lang='lat' dir='ltr'>ammaum,</span> 
     </span>
    </p>
   </div>
   <div class='ocr_carea' id='block_1_4' title="bbox 312 1156 1496 1223">
    <p class='ocr_par' dir='ltr' id='par_1_4' title="bbox 312 1156 1496 1223">
     <span class='ocr_line' id='line_1_8' title="bbox 312 1156 1496 1223; baseline -0.004 -14"><span class='ocrx_word' id='word_1_58' title='bbox 312 1161 387 1223; x_wconf 65' lang='lat' dir='ltr'>litem</span> <span class='ocrx_word' id='word_1_59' title='bbox 398 1165 421 1209; x_wconf 90' lang='lat' dir='ltr'>et</span> <span class='ocrx_word' id='word_1_60' title='bbox 431 1161 533 1209; x_wconf 77' lang='lat' dir='ltr'>erilem.-</span> <span class='ocrx_word' id='word_1_61' title='bbox 547 1174 578 1208; x_wconf 76' lang='lat' dir='ltr'>aa</span> <span class='ocrx_word' id='word_1_62' title='bbox 585 1160 615 1209; x_wconf 82' lang='lat' dir='ltr'>eil</span> <span class='ocrx_word' id='word_1_63' title='bbox 624 1160 656 1208; x_wconf 80' lang='lat' dir='ltr'>eil</span> <span class='ocrx_word' id='word_1_64' title='bbox 667 1173 748 1208; x_wconf 76' lang='lat' dir='ltr'>nemea</span> <span class='ocrx_word' id='word_1_65' title='bbox 762 1164 908 1222; x_wconf 67' lang='lat' dir='ltr'>mmmmm</span> <span class='ocrx_word' id='word_1_66' title='bbox 915 1174 945 1208; x_wconf 82' lang='lat' dir='ltr'>ea</span> <span class='ocrx_word' id='word_1_67' title='bbox 955 1159 1069 1208; x_wconf 78' lang='lat' dir='ltr'>Latinum</span> <span class='ocrx_word' id='word_1_68' title='bbox 1079 1163 1102 1206; x_wconf 87' lang='lat' dir='ltr'>et</span> <span class='ocrx_word' id='word_1_69' title='bbox 1111 1157 1169 1221; x_wconf 77' lang='lat' dir='ltr'>mia,</span> <span class='ocrx_word' id='word_1_70' title='bbox 1179 1159 1238 1220; x_wconf 77' lang='lat' dir='ltr'>qued</span> <span class='ocrx_word' id='word_1_71' title='bbox 1247 1161 1284 1206; x_wconf 81' lang='lat' dir='ltr'>est</span> <span class='ocrx_word' id='word_1_72' title='bbox 1292 1156 1400 1215; x_wconf 78' lang='lat' dir='ltr'>mertile·</span> <span class='ocrx_word' id='word_1_73' title='bbox 1495 1197 1496 1204; x_wconf 73' lang='grc'>,</span> 
     </span>
    </p>
   </div>
   <div class='ocr_carea' id='block_1_5' title="bbox 766 1301 941 1321">
    <p class='ocr_par' dir='ltr' id='par_1_5' title="bbox 766 1301 941 1321">
     <span class='ocr_line' id='line_1_9' title="bbox 766 1301 941 1321; baseline -0.006 0"><span class='ocrx_word' id='word_1_74' title='bbox 766 1301 941 1321; x_wconf 59' lang='grc' dir='ltr'>ΜΘΝ</span> 
     </span>
    </p>
   </div>
   <div class='ocr_carea' id='block_1_6' title="bbox 254 1393 1398 1587">
    <p class='ocr_par' dir='ltr' id='par_1_6' title="bbox 254 1393 1398 1587">
     <span class='ocr_line' id='line_1_10' title="bbox 310 1393 1398 1460; baseline 0.001 -16"><span class='ocrx_word' id='word_1_75' title='bbox 310 1395 376 1445; x_wconf 91' lang='lat' dir='ltr'>libro</span> <span class='ocrx_word' id='word_1_76' title='bbox 386 1397 475 1458; x_wconf 80' lang='lat' dir='ltr'>repleat</span> <span class='ocrx_word' id='word_1_77' title='bbox 485 1393 535 1445; x_wconf 82' lang='lat' dir='ltr'>fuit</span> <span class='ocrx_word' id='word_1_78' title='bbox 544 1410 591 1458; x_wconf 89' lang='lat' dir='ltr'>pro</span> <span class='ocrx_word' id='word_1_79' title='bbox 602 1397 730 1458; x_wconf 74' lang='lat' dir='ltr'>replet-s</span> <span class='ocrx_word' id='word_1_80' title='bbox 748 1396 859 1460; x_wconf 88' lang='lat' dir='ltr'>Reponit</span> <span class='ocrx_word' id='word_1_81' title='bbox 869 1395 996 1457; x_wconf 75' lang='lat' dir='ltr'>Scaliger:</span> <span class='ocrx_word' id='word_1_82' title='bbox 1014 1395 1064 1447; x_wconf 69' lang='lat' dir='ltr'>nte</span> <span class='ocrx_word' id='word_1_83' title='bbox 1072 1395 1129 1458; x_wconf 75' lang='lat' dir='ltr'>qnid</span> <span class='ocrx_word' id='word_1_84' title='bbox 1138 1409 1159 1444; x_wconf 81' lang='lat' dir='ltr'>s.</span> <span class='ocrx_word' id='word_1_85' title='bbox 1170 1395 1202 1444; x_wconf 77' lang='lat' dir='ltr'>c.</span> <span class='ocrx_word' id='word_1_86' title='bbox 1211 1395 1250 1443; x_wconf 83' lang='lat' dir='ltr'>M.</span> <span class='ocrx_word' id='word_1_87' title='bbox 1260 1395 1288 1444; x_wconf 77' lang='lat' dir='ltr'>ir</span> <span class='ocrx_word' id='word_1_88' title='bbox 1299 1394 1345 1455; x_wconf 73' lang='lat' dir='ltr'>tn,</span> <span class='ocrx_word' id='word_1_89' title='bbox 1363 1396 1398 1446; x_wconf 79' lang='lat' dir='ltr'>Et</span> 
     </span>
     <span class='ocr_line' id='line_1_11' title="bbox 311 1457 1398 1522; baseline 0.004 -16"><span class='ocrx_word' id='word_1_90' title='bbox 311 1461 371 1522; x_wconf 73' lang='lat' dir='ltr'>quud</span> <span class='ocrx_word' id='word_1_91' title='bbox 385 1460 507 1507; x_wconf 81' lang='lat' dir='ltr'>Celtarum</span> <span class='ocrx_word' id='word_1_92' title='bbox 516 1459 593 1522; x_wconf 81' lang='lat' dir='ltr'>pessit</span> <span class='ocrx_word' id='word_1_93' title='bbox 605 1474 651 1508; x_wconf 80' lang='lat' dir='ltr'>run</span> <span class='ocrx_word' id='word_1_94' title='bbox 661 1457 773 1508; x_wconf 61' lang='lat' dir='ltr'>Lucem</span> <span class='ocrx_word' id='word_1_95' title='bbox 786 1461 843 1520; x_wconf 76' lang='lat' dir='ltr'>Teu,</span> <span class='ocrx_word' id='word_1_96' title='bbox 856 1461 888 1507; x_wconf 84' lang='lat' dir='ltr'>Et</span> <span class='ocrx_word' id='word_1_97' title='bbox 897 1462 956 1522; x_wconf 76' lang='lat' dir='ltr'>qnod</span> <span class='ocrx_word' id='word_1_98' title='bbox 970 1473 1082 1520; x_wconf 66' lang='lat' dir='ltr'>gemnae</span> <span class='ocrx_word' id='word_1_99' title='bbox 1091 1458 1187 1508; x_wconf 63' lang='lat' dir='ltr'>mutum</span> <span class='ocrx_word' id='word_1_100' title='bbox 1206 1459 1265 1507; x_wconf 85' lang='lat' dir='ltr'>mule</span> <span class='ocrx_word' id='word_1_101' title='bbox 1280 1459 1398 1518; x_wconf 71' lang='lat' dir='ltr'>recissum</span> 
     </span>
     <span class='ocr_line' id='line_1_12' title="bbox 254 1521 1396 1587; baseline 0 -18"><span class='ocrx_word' id='word_1_102' title='bbox 254 1529 257 1536; x_wconf 94' lang='grc'><strong>’</strong></span> <span class='ocrx_word' id='word_1_103' title='bbox 313 1521 425 1570; x_wconf 69' lang='lat' dir='ltr'>mem-r</span> <span class='ocrx_word' id='word_1_104' title='bbox 441 1523 524 1572; x_wconf 88' lang='lat' dir='ltr'>Vetus</span> <span class='ocrx_word' id='word_1_105' title='bbox 545 1523 719 1586; x_wconf 70' lang='lat' dir='ltr'>Lugdunensis</span> <span class='ocrx_word' id='word_1_106' title='bbox 738 1523 830 1586; x_wconf 79' lang='lat' dir='ltr'>codes,</span> <span class='ocrx_word' id='word_1_107' title='bbox 846 1537 906 1587; x_wconf 81' lang='lat' dir='ltr'>eoepe</span> <span class='ocrx_word' id='word_1_108' title='bbox 923 1522 1033 1572; x_wconf 86' lang='lat' dir='ltr'>babebat</span> <span class='ocrx_word' id='word_1_109' title='bbox 1049 1536 1096 1586; x_wconf 87' lang='lat' dir='ltr'>pro</span> <span class='ocrx_word' id='word_1_110' title='bbox 1112 1525 1214 1570; x_wconf 76' lang='lat' dir='ltr'>san-8</span> <span class='ocrx_word' id='word_1_111' title='bbox 1231 1521 1300 1570; x_wconf 72' lang='lat' dir='ltr'>Silam</span> <span class='ocrx_word' id='word_1_112' title='bbox 1317 1521 1396 1585; x_wconf 79' lang='lat' dir='ltr'>Vulg,</span> 
     </span>
    </p>
   </div>
   <div class='ocr_carea' id='block_1_7' title="bbox 798 1645 920 1716">
    <p class='ocr_par' dir='ltr' id='par_1_7' title="bbox 798 1645 920 1716">
     <span class='ocr_line' id='line_1_13' title="bbox 798 1645 920 1716; baseline -0.008 0"><span class='ocrx_word' id='word_1_113' title='bbox 798 1664 904 1716; x_wconf 77' lang='lat' dir='ltr'>soum</span> <span class='ocrx_word' id='word_1_114' title='bbox 919 1645 920 1650; x_wconf 76' lang='grc'>’</span> 
     </span>
    </p>
   </div>
   <div class='ocr_carea' id='block_1_8' title="bbox 308 1757 1496 1825">
    <p class='ocr_par' dir='ltr' id='par_1_8' title="bbox 308 1757 1496 1825">
     <span class='ocr_line' id='line_1_14' title="bbox 308 1757 1496 1825; baseline 0.002 -16"><span class='ocrx_word' id='word_1_115' title='bbox 308 1757 481 1823; x_wconf 77' lang='lat' dir='ltr'><strong>‘rumpantur</strong></span> <span class='ocrx_word' id='word_1_116' title='bbox 494 1759 652 1814; x_wconf 81' lang='lat' dir='ltr'>iliacbdro.&#39;</span> <span class='ocrx_word' id='word_1_117' title='bbox 869 1760 987 1825; x_wconf 74' lang='lat' dir='ltr'>scaliger</span> <span class='ocrx_word' id='word_1_118' title='bbox 1012 1760 1147 1824; x_wconf 78' lang='lat' dir='ltr'><strong>proposuit</strong></span> <span class='ocrx_word' id='word_1_119' title='bbox 1166 1764 1195 1809; x_wconf 84' lang='lat' dir='ltr'>et</span> <span class='ocrx_word' id='word_1_120' title='bbox 1213 1759 1312 1808; x_wconf 85' lang='lat' dir='ltr'>Tullius</span> <span class='ocrx_word' id='word_1_121' title='bbox 1328 1759 1397 1810; x_wconf 88' lang='lat' dir='ltr'>inse·</span> <span class='ocrx_word' id='word_1_122' title='bbox 1495 1783 1496 1816; x_wconf 77' lang='lat'>1</span> 
     </span>
    </p>
   </div>
   <div class='ocr_carea' id='block_1_9' title="bbox 341 1835 1398 1901">
    <p class='ocr_par' dir='ltr' id='par_1_9' title="bbox 341 1835 1398 1901">
     <span class='ocr_line' id='line_1_15' title="bbox 341 1835 1398 1901; baseline 0.002 -17"><span class='ocrx_word' id='word_1_123' title='bbox 341 1841 357 1884; x_wconf 79' lang='lat' dir='ltr'>b</span> <span class='ocrx_word' id='word_1_124' title='bbox 376 1836 441 1892; x_wconf 79' lang='lat' dir='ltr'>Quid</span> <span class='ocrx_word' id='word_1_125' title='bbox 462 1837 595 1901; x_wconf 76' lang='lat' dir='ltr'>significent</span> <span class='ocrx_word' id='word_1_126' title='bbox 615 1837 730 1885; x_wconf 81' lang='lat' dir='ltr'>catalecta</span> <span class='ocrx_word' id='word_1_127' title='bbox 751 1835 833 1884; x_wconf 83' lang='lat' dir='ltr'>Merc-</span> <span class='ocrx_word' id='word_1_128' title='bbox 872 1841 945 1884; x_wconf 86' lang='lat' dir='ltr'>cutus</span> <span class='ocrx_word' id='word_1_129' title='bbox 968 1839 1024 1883; x_wconf 89' lang='lat' dir='ltr'>est:</span> <span class='ocrx_word' id='word_1_130' title='bbox 1042 1835 1092 1883; x_wconf 85' lang='lat' dir='ltr'>Dic</span> <span class='ocrx_word' id='word_1_131' title='bbox 1107 1835 1164 1897; x_wconf 82' lang='lat' dir='ltr'>quid</span> <span class='ocrx_word' id='word_1_132' title='bbox 1183 1835 1317 1900; x_wconf 74' lang='lat' dir='ltr'>significem</span> <span class='ocrx_word' id='word_1_133' title='bbox 1332 1842 1398 1886; x_wconf 84' lang='lat' dir='ltr'>entu-</span> 
     </span>
    </p>
   </div>
   <div class='ocr_carea' id='block_1_10' title="bbox 310 1907 1496 1975">
    <p class='ocr_par' dir='ltr' id='par_1_10' title="bbox 310 1907 1496 1975">
     <span class='ocr_line' id='line_1_16' title="bbox 310 1907 1496 1975; baseline 0.001 -15"><span class='ocrx_word' id='word_1_134' title='bbox 310 1909 359 1972; x_wconf 81' lang='lat' dir='ltr'>sis]</span> <span class='ocrx_word' id='word_1_135' title='bbox 375 1911 490 1975; x_wconf 78' lang='lat' dir='ltr'>Scaliger</span> <span class='ocrx_word' id='word_1_136' title='bbox 500 1926 551 1960; x_wconf 88' lang='lat' dir='ltr'>uon</span> <span class='ocrx_word' id='word_1_137' title='bbox 569 1910 707 1972; x_wconf 68' lang='lat' dir='ltr'>scritum</span> <span class='ocrx_word' id='word_1_138' title='bbox 727 1926 742 1960; x_wconf 91' lang='lat' dir='ltr'>s</span> <span class='ocrx_word' id='word_1_139' title='bbox 760 1927 833 1960; x_wconf 75' lang='lat' dir='ltr'>esra·</span> <span class='ocrx_word' id='word_1_140' title='bbox 872 1911 932 1962; x_wconf 83' lang='lat' dir='ltr'>lecta</span> <span class='ocrx_word' id='word_1_141' title='bbox 941 1907 1070 1958; x_wconf 72' lang='lat' dir='ltr'>Maronis?</span> <span class='ocrx_word' id='word_1_142' title='bbox 1085 1910 1165 1972; x_wconf 76' lang='lat' dir='ltr'>iubis,</span> <span class='ocrx_word' id='word_1_143' title='bbox 1174 1912 1207 1972; x_wconf 83' lang='lat' dir='ltr'>el,</span> <span class='ocrx_word' id='word_1_144' title='bbox 1217 1911 1252 1960; x_wconf 83' lang='lat' dir='ltr'>Et</span> <span class='ocrx_word' id='word_1_145' title='bbox 1262 1913 1325 1973; x_wconf 81' lang='lat' dir='ltr'>quud</span> <span class='ocrx_word' id='word_1_146' title='bbox 1341 1914 1396 1961; x_wconf 81' lang='lat' dir='ltr'>Cel·</span> <span class='ocrx_word' id='word_1_147' title='bbox 1495 1917 1496 1920; x_wconf 78' lang='grc'>’</span> 
     </span>
    </p>
   </div>
   <div class='ocr_carea' id='block_1_11' title="bbox 304 1984 1398 2501">
    <p class='ocr_par' dir='ltr' id='par_1_11' title="bbox 308 1984 1398 2277">
     <span class='ocr_line' id='line_1_17' title="bbox 308 1984 1397 2051; baseline 0 -15"><span class='ocrx_word' id='word_1_148' title='bbox 308 1985 377 2048; x_wconf 59' lang='lat' dir='ltr'>nisu</span> <span class='ocrx_word' id='word_1_149' title='bbox 392 1986 490 2049; x_wconf 88' lang='lat' dir='ltr'>desino,</span> <span class='ocrx_word' id='word_1_150' title='bbox 502 1992 531 2036; x_wconf 91' lang='lat' dir='ltr'>nt</span> <span class='ocrx_word' id='word_1_151' title='bbox 541 1987 661 2051; x_wconf 85' lang='lat' dir='ltr'>Baptista</span> <span class='ocrx_word' id='word_1_152' title='bbox 678 1986 741 2036; x_wconf 86' lang='lat' dir='ltr'>Pius</span> <span class='ocrx_word' id='word_1_153' title='bbox 756 1992 831 2036; x_wconf 82' lang='lat' dir='ltr'>arrtn·</span> <span class='ocrx_word' id='word_1_154' title='bbox 870 1989 950 2033; x_wconf 83' lang='lat' dir='ltr'>turum</span> <span class='ocrx_word' id='word_1_155' title='bbox 961 1984 1040 2045; x_wconf 82' lang='lat' dir='ltr'>posuit</span> <span class='ocrx_word' id='word_1_156' title='bbox 1056 1998 1102 2032; x_wconf 80' lang='lat' dir='ltr'>rea</span> <span class='ocrx_word' id='word_1_157' title='bbox 1118 1984 1218 2033; x_wconf 83' lang='lat' dir='ltr'>lucidius</span> <span class='ocrx_word' id='word_1_158' title='bbox 1232 1989 1284 2048; x_wconf 83' lang='lat' dir='ltr'>tes,</span> <span class='ocrx_word' id='word_1_159' title='bbox 1292 1987 1325 2034; x_wconf 83' lang='lat' dir='ltr'>Et</span> <span class='ocrx_word' id='word_1_160' title='bbox 1336 1988 1397 2048; x_wconf 74' lang='lat' dir='ltr'>qnod</span> 
     </span>
     <span class='ocr_line' id='line_1_18' title="bbox 308 2059 1394 2126; baseline 0.001 -14"><span class='ocrx_word' id='word_1_161' title='bbox 308 2069 370 2126; x_wconf 85' lang='lat' dir='ltr'>mat,</span> <span class='ocrx_word' id='word_1_162' title='bbox 387 2062 433 2112; x_wconf 86' lang='lat' dir='ltr'>sed</span> <span class='ocrx_word' id='word_1_163' title='bbox 451 2061 619 2124; x_wconf 63' lang='lat' dir='ltr'>serdicam</span> <span class='ocrx_word' id='word_1_164' title='bbox 636 2063 713 2112; x_wconf 85' lang='lat' dir='ltr'>verbo</span> <span class='ocrx_word' id='word_1_165' title='bbox 729 2061 831 2112; x_wconf 68' lang='lat' dir='ltr'>nerant·</span> <span class='ocrx_word' id='word_1_166' title='bbox 873 2059 991 2108; x_wconf 73' lang='lat' dir='ltr'>Germane</span> <span class='ocrx_word' id='word_1_167' title='bbox 1010 2060 1105 2108; x_wconf 61' lang='lat' dir='ltr'>mutum</span> <span class='ocrx_word' id='word_1_168' title='bbox 1123 2061 1182 2108; x_wconf 85' lang='lat' dir='ltr'>mule</span> <span class='ocrx_word' id='word_1_169' title='bbox 1200 2060 1318 2120; x_wconf 69' lang='lat' dir='ltr'>lett‘ferum</span> <span class='ocrx_word' id='word_1_170' title='bbox 1336 2063 1394 2114; x_wconf 75' lang='lat' dir='ltr'>mim</span> 
     </span>
     <span class='ocr_line' id='line_1_19' title="bbox 308 2133 1395 2203; baseline -0.001 -16"><span class='ocrx_word' id='word_1_171' title='bbox 308 2143 392 2200; x_wconf 69' lang='lat' dir='ltr'>pectas</span> <span class='ocrx_word' id='word_1_172' title='bbox 403 2138 516 2202; x_wconf 75' lang='lat' dir='ltr'>deligere</span> <span class='ocrx_word' id='word_1_173' title='bbox 527 2139 598 2189; x_wconf 89' lang='lat' dir='ltr'>dicta</span> <span class='ocrx_word' id='word_1_174' title='bbox 616 2144 698 2201; x_wconf 88' lang='lat' dir='ltr'>putat,</span> <span class='ocrx_word' id='word_1_175' title='bbox 714 2139 781 2203; x_wconf 82' lang='lat' dir='ltr'>qnod</span> <span class='ocrx_word' id='word_1_176' title='bbox 799 2153 831 2188; x_wconf 84' lang='lat' dir='ltr'>eu</span> <span class='ocrx_word' id='word_1_177' title='bbox 870 2133 942 2198; x_wconf 66' lang='lat' dir='ltr'>‘At’</span> <span class='ocrx_word' id='word_1_178' title='bbox 961 2133 1038 2184; x_wconf 84' lang='lat' dir='ltr'>‘ten&#39;</span> <span class='ocrx_word' id='word_1_179' title='bbox 1058 2141 1087 2184; x_wconf 91' lang='lat' dir='ltr'>et</span> <span class='ocrx_word' id='word_1_180' title='bbox 1106 2134 1192 2184; x_wconf 89' lang='lat' dir='ltr'>‘min&#39;</span> <span class='ocrx_word' id='word_1_181' title='bbox 1210 2136 1301 2198; x_wconf 88' lang='lat' dir='ltr'>prioris</span> <span class='ocrx_word' id='word_1_182' title='bbox 1321 2139 1395 2200; x_wconf 87' lang='lat' dir='ltr'>sylla·</span> 
     </span>
     <span class='ocr_line' id='line_1_20' title="bbox 308 2209 1398 2277; baseline -0.003 -12"><span class='ocrx_word' id='word_1_183' title='bbox 308 2217 423 2265; x_wconf 84' lang='lat' dir='ltr'>carmine</span> <span class='ocrx_word' id='word_1_184' title='bbox 433 2231 466 2265; x_wconf 88' lang='lat' dir='ltr'>ex</span> <span class='ocrx_word' id='word_1_185' title='bbox 475 2215 621 2277; x_wconf 79' lang='lat' dir='ltr'>Virgilianis</span> <span class='ocrx_word' id='word_1_186' title='bbox 629 2216 681 2265; x_wconf 92' lang='lat' dir='ltr'>siut</span> <span class='ocrx_word' id='word_1_187' title='bbox 692 2216 810 2267; x_wconf 83' lang='lat' dir='ltr'>collecte.</span> <span class='ocrx_word' id='word_1_188' title='bbox 870 2209 911 2260; x_wconf 79' lang='lat' dir='ltr'>bc</span> <span class='ocrx_word' id='word_1_189' title='bbox 923 2218 981 2260; x_wconf 92' lang='lat' dir='ltr'>snut</span> <span class='ocrx_word' id='word_1_190' title='bbox 991 2210 1052 2271; x_wconf 84' lang='lat' dir='ltr'>allii,</span> <span class='ocrx_word' id='word_1_191' title='bbox 1059 2211 1136 2271; x_wconf 87' lang='lat' dir='ltr'>tauri,</span> <span class='ocrx_word' id='word_1_192' title='bbox 1147 2211 1258 2261; x_wconf 87' lang='lat' dir='ltr'>etminii.</span> <span class='ocrx_word' id='word_1_193' title='bbox 1289 2212 1398 2263; x_wconf 84' lang='lat' dir='ltr'>Scilicet</span> 
     </span>
    </p>

    <p class='ocr_par' dir='ltr' id='par_1_12' title="bbox 304 2284 1394 2501">
     <span class='ocr_line' id='line_1_21' title="bbox 339 2284 1394 2352; baseline -0.002 -16"><span class='ocrx_word' id='word_1_194' title='bbox 339 2290 430 2339; x_wconf 79' lang='lat' dir='ltr'><strong>iniis</strong></span> <span class='ocrx_word' id='word_1_195' title='bbox 453 2289 488 2351; x_wconf 83' lang='lat' dir='ltr'>al]</span> <span class='ocrx_word' id='word_1_196' title='bbox 514 2290 545 2338; x_wconf 82' lang='lat' dir='ltr'>Iu</span> <span class='ocrx_word' id='word_1_197' title='bbox 575 2289 708 2340; x_wconf 70' lang='lat' dir='ltr'>catalensis</span> <span class='ocrx_word' id='word_1_198' title='bbox 727 2290 831 2352; x_wconf 76' lang='lat' dir='ltr'><strong>Virgilii</strong></span> <span class='ocrx_word' id='word_1_199' title='bbox 871 2298 928 2333; x_wconf 89' lang='lat' dir='ltr'>eum</span> <span class='ocrx_word' id='word_1_200' title='bbox 940 2284 1037 2333; x_wconf 85' lang='lat' dir='ltr'>Rhetnr</span> <span class='ocrx_word' id='word_1_201' title='bbox 1047 2285 1091 2332; x_wconf 89' lang='lat' dir='ltr'>ille</span> <span class='ocrx_word' id='word_1_202' title='bbox 1102 2284 1135 2334; x_wconf 89' lang='lat' dir='ltr'>de</span> <span class='ocrx_word' id='word_1_203' title='bbox 1146 2300 1196 2348; x_wconf 89' lang='lat' dir='ltr'>qno</span> <span class='ocrx_word' id='word_1_204' title='bbox 1206 2285 1340 2348; x_wconf 84' lang='lat' dir='ltr'>Virgilius,</span> <span class='ocrx_word' id='word_1_205' title='bbox 1350 2287 1394 2336; x_wconf 91' lang='lat' dir='ltr'>de·</span> 
     </span>
     <span class='ocr_line' id='line_1_22' title="bbox 307 2359 1394 2428; baseline -0.002 -16"><span class='ocrx_word' id='word_1_206' title='bbox 307 2370 413 2426; x_wconf 85' lang='lat' dir='ltr'>reperta</span> <span class='ocrx_word' id='word_1_207' title='bbox 424 2363 503 2414; x_wconf 85' lang='lat' dir='ltr'>fuisse</span> <span class='ocrx_word' id='word_1_208' title='bbox 515 2363 571 2414; x_wconf 77' lang='lat' dir='ltr'>haee</span> <span class='ocrx_word' id='word_1_209' title='bbox 582 2363 706 2414; x_wconf 80' lang='lat' dir='ltr'>vocabula</span> <span class='ocrx_word' id='word_1_210' title='bbox 717 2363 761 2426; x_wconf 81' lang='lat' dir='ltr'>Ar,</span> <span class='ocrx_word' id='word_1_211' title='bbox 770 2366 833 2428; x_wconf 78' lang='lat' dir='ltr'>rau,</span> <span class='ocrx_word' id='word_1_212' title='bbox 871 2359 994 2410; x_wconf 82' lang='lat' dir='ltr'>clamaret</span> <span class='ocrx_word' id='word_1_213' title='bbox 1005 2359 1037 2408; x_wconf 88' lang='lat' dir='ltr'>de</span> <span class='ocrx_word' id='word_1_214' title='bbox 1053 2366 1137 2410; x_wconf 85' lang='lat' dir='ltr'>morte</span> <span class='ocrx_word' id='word_1_215' title='bbox 1152 2360 1339 2423; x_wconf 70' lang='lat' dir='ltr'><strong>Themistoclis,</strong></span> <span class='ocrx_word' id='word_1_216' title='bbox 1350 2361 1394 2426; x_wconf 87' lang='lat' dir='ltr'>qui</span> 
     </span>
     <span class='ocr_line' id='line_1_23' title="bbox 304 2435 1394 2501; baseline 0.001 -15"><span class='ocrx_word' id='word_1_217' title='bbox 304 2438 372 2496; x_wconf 87' lang='lat' dir='ltr'>Min,</span> <span class='ocrx_word' id='word_1_218' title='bbox 388 2435 516 2486; x_wconf 81' lang='lat' dir='ltr'>Ausonius</span> <span class='ocrx_word' id='word_1_219' title='bbox 527 2437 573 2499; x_wconf 88' lang='lat' dir='ltr'>ait,</span> <span class='ocrx_word' id='word_1_220' title='bbox 589 2451 647 2500; x_wconf 82' lang='lat' dir='ltr'>quae</span> <span class='ocrx_word' id='word_1_221' title='bbox 658 2437 760 2501; x_wconf 92' lang='lat' dir='ltr'>quidem</span> <span class='ocrx_word' id='word_1_222' title='bbox 769 2439 830 2489; x_wconf 84' lang='lat' dir='ltr'>Sca·</span> <span class='ocrx_word' id='word_1_223' title='bbox 872 2443 950 2500; x_wconf 89' lang='lat' dir='ltr'>epctc</span> <span class='ocrx_word' id='word_1_224' title='bbox 961 2437 1063 2486; x_wconf 84' lang='lat' dir='ltr'>taurino</span> <span class='ocrx_word' id='word_1_225' title='bbox 1072 2437 1196 2500; x_wconf 82' lang='lat' dir='ltr'>sanguine</span> <span class='ocrx_word' id='word_1_226' title='bbox 1206 2438 1394 2500; x_wconf 85' lang='lat' dir='ltr'>extinctusest,</span> 
     </span>
    </p>
   </div>
   <div class='ocr_carea' id='block_1_12' title="bbox 305 2510 1496 2726">
    <p class='ocr_par' dir='ltr' id='par_1_13' title="bbox 305 2510 1496 2726">
     <span class='ocr_line' id='line_1_24' title="bbox 307 2510 1496 2577; baseline 0.002 -19"><span class='ocrx_word' id='word_1_227' title='bbox 307 2510 451 2572; x_wconf 73' lang='lat' dir='ltr'>gerpusita</span> <span class='ocrx_word' id='word_1_228' title='bbox 468 2510 524 2560; x_wconf 84' lang='lat' dir='ltr'>vult</span> <span class='ocrx_word' id='word_1_229' title='bbox 538 2525 586 2573; x_wconf 83' lang='lat' dir='ltr'>pru</span> <span class='ocrx_word' id='word_1_230' title='bbox 603 2510 707 2570; x_wconf 82' lang='lat' dir='ltr'>Allium,</span> <span class='ocrx_word' id='word_1_231' title='bbox 721 2513 828 2577; x_wconf 76' lang='lat' dir='ltr'>Taurus,</span> <span class='ocrx_word' id='word_1_232' title='bbox 870 2525 917 2574; x_wconf 87' lang='lat' dir='ltr'>pro</span> <span class='ocrx_word' id='word_1_233' title='bbox 940 2517 1016 2561; x_wconf 85' lang='lat' dir='ltr'>taurc</span> <span class='ocrx_word' id='word_1_234' title='bbox 1028 2511 1133 2560; x_wconf 86' lang='lat' dir='ltr'>dicebat</span> <span class='ocrx_word' id='word_1_235' title='bbox 1154 2511 1233 2564; x_wconf 81' lang='lat' dir='ltr'>‘tam&#39;</span> <span class='ocrx_word' id='word_1_236' title='bbox 1276 2512 1341 2561; x_wconf 83' lang='lat' dir='ltr'>Cum</span> <span class='ocrx_word' id='word_1_237' title='bbox 1358 2512 1392 2562; x_wconf 88' lang='lat' dir='ltr'>de</span> <span class='ocrx_word' id='word_1_238' title='bbox 1495 2521 1496 2570; x_wconf 66' lang='grc'><strong>1</strong></span> 
     </span>
     <span class='ocr_line' id='line_1_25' title="bbox 307 2581 1496 2650; baseline 0.004 -20"><span class='ocrx_word' id='word_1_239' title='bbox 307 2581 429 2645; x_wconf 85' lang='lat' dir='ltr'>Minium,</span> <span class='ocrx_word' id='word_1_240' title='bbox 441 2597 504 2646; x_wconf 87' lang='lat' dir='ltr'>quas</span> <span class='ocrx_word' id='word_1_241' title='bbox 515 2599 600 2647; x_wconf 80' lang='lat' dir='ltr'>voees,</span> <span class='ocrx_word' id='word_1_242' title='bbox 611 2591 641 2632; x_wconf 93' lang='lat' dir='ltr'>ut</span> <span class='ocrx_word' id='word_1_243' title='bbox 651 2592 678 2634; x_wconf 90' lang='lat' dir='ltr'>et</span> <span class='ocrx_word' id='word_1_244' title='bbox 688 2586 748 2635; x_wconf 87' lang='lat' dir='ltr'>alias</span> <span class='ocrx_word' id='word_1_245' title='bbox 756 2587 828 2637; x_wconf 78' lang='lat' dir='ltr'>Lati·</span> <span class='ocrx_word' id='word_1_246' title='bbox 869 2586 915 2634; x_wconf 89' lang='lat' dir='ltr'>illu</span> <span class='ocrx_word' id='word_1_247' title='bbox 926 2585 1073 2647; x_wconf 76' lang='lat' dir='ltr'>dissereret,</span> <span class='ocrx_word' id='word_1_248' title='bbox 1084 2587 1137 2650; x_wconf 86' lang='lat' dir='ltr'>qui,</span> <span class='ocrx_word' id='word_1_249' title='bbox 1154 2585 1213 2635; x_wconf 93' lang='lat' dir='ltr'>dum</span> <span class='ocrx_word' id='word_1_250' title='bbox 1226 2585 1293 2649; x_wconf 87' lang='lat' dir='ltr'>patri</span> <span class='ocrx_word' id='word_1_251' title='bbox 1304 2587 1392 2636; x_wconf 84' lang='lat' dir='ltr'>ellium</span> <span class='ocrx_word' id='word_1_252' title='bbox 1495 2633 1496 2650; x_wconf 50' lang='grc'>,</span> 
     </span>
     <span class='ocr_line' id='line_1_26' title="bbox 305 2656 1496 2726; baseline 0.006 -23"><span class='ocrx_word' id='word_1_253' title='bbox 305 2656 458 2718; x_wconf 70' lang='lat' dir='ltr'>marcelle,</span> <span class='ocrx_word' id='word_1_254' title='bbox 472 2656 551 2719; x_wconf 85' lang='lat' dir='ltr'>Galli,</span> <span class='ocrx_word' id='word_1_255' title='bbox 560 2658 691 2720; x_wconf 80' lang='lat' dir='ltr'>Germani,</span> <span class='ocrx_word' id='word_1_256' title='bbox 703 2660 830 2726; x_wconf 81' lang='lat' dir='ltr'><strong>Britanni,</strong></span> <span class='ocrx_word' id='word_1_257' title='bbox 870 2665 978 2723; x_wconf 89' lang='lat' dir='ltr'>tereret,</span> <span class='ocrx_word' id='word_1_258' title='bbox 994 2661 1099 2710; x_wconf 90' lang='lat' dir='ltr'>minium</span> <span class='ocrx_word' id='word_1_259' title='bbox 1113 2675 1128 2709; x_wconf 88' lang='lat' dir='ltr'>a</span> <span class='ocrx_word' id='word_1_260' title='bbox 1144 2675 1256 2710; x_wconf 85' lang='lat' dir='ltr'>noverca</span> <span class='ocrx_word' id='word_1_261' title='bbox 1267 2659 1392 2724; x_wconf 88' lang='lat' dir='ltr'>injectum</span> <span class='ocrx_word' id='word_1_262' title='bbox 1495 2689 1496 2698; x_wconf 48' lang='lat'>1</span> 
     </span>
    </p>
   </div>
   <div class='ocr_carea' id='block_1_13' title="bbox 302 2725 1393 3324">
    <p class='ocr_par' dir='ltr' id='par_1_14' title="bbox 302 2725 1393 3324">
     <span class='ocr_line' id='line_1_27' title="bbox 305 2725 1390 2800; baseline 0.002 -20"><span class='ocrx_word' id='word_1_263' title='bbox 305 2731 394 2780; x_wconf 88' lang='lat' dir='ltr'>etalii</span> <span class='ocrx_word' id='word_1_264' title='bbox 411 2725 520 2781; x_wconf 82' lang='lat' dir='ltr'>Barbari</span> <span class='ocrx_word' id='word_1_265' title='bbox 537 2733 574 2782; x_wconf 89' lang='lat' dir='ltr'>sic</span> <span class='ocrx_word' id='word_1_266' title='bbox 591 2740 720 2799; x_wconf 83' lang='lat' dir='ltr'>truncare,</span> <span class='ocrx_word' id='word_1_267' title='bbox 737 2735 829 2787; x_wconf 89' lang='lat' dir='ltr'>decur·</span> <span class='ocrx_word' id='word_1_268' title='bbox 869 2734 1018 2796; x_wconf 83' lang='lat' dir='ltr'>imprudens</span> <span class='ocrx_word' id='word_1_269' title='bbox 1036 2735 1167 2796; x_wconf 78' lang='lat' dir='ltr'>enutrivit,</span> <span class='ocrx_word' id='word_1_270' title='bbox 1180 2748 1227 2800; x_wconf 86' lang='lat' dir='ltr'>pru</span> <span class='ocrx_word' id='word_1_271' title='bbox 1244 2735 1302 2784; x_wconf 86' lang='lat' dir='ltr'>alliu</span> <span class='ocrx_word' id='word_1_272' title='bbox 1324 2734 1390 2795; x_wconf 84' lang='lat' dir='ltr'>‘al,’</span> 
     </span>
     <span class='ocr_line' id='line_1_28' title="bbox 303 2806 1393 2872; baseline 0.006 -16"><span class='ocrx_word' id='word_1_273' title='bbox 303 2811 412 2870; x_wconf 80' lang='lat' dir='ltr'>teneque</span> <span class='ocrx_word' id='word_1_274' title='bbox 425 2806 525 2857; x_wconf 87' lang='lat' dir='ltr'>adhunc</span> <span class='ocrx_word' id='word_1_275' title='bbox 534 2809 672 2862; x_wconf 81' lang='lat' dir='ltr'>sintsoliti.</span> <span class='ocrx_word' id='word_1_276' title='bbox 748 2850 750 2856; x_wconf 95' lang='lat'>.</span> <span class='ocrx_word' id='word_1_277' title='bbox 869 2810 1004 2872; x_wconf 89' lang='lat' dir='ltr'>prominiu</span> <span class='ocrx_word' id='word_1_278' title='bbox 1022 2809 1227 2860; x_wconf 82' lang='lat' dir='ltr'>‘miu&#39;dicebat.</span> <span class='ocrx_word' id='word_1_279' title='bbox 1259 2810 1393 2862; x_wconf 74' lang='lat' dir='ltr'>Haecine.</span> 
     </span>
     <span class='ocr_line' id='line_1_29' title="bbox 338 2881 1391 2951; baseline 0.003 -20"><span class='ocrx_word' id='word_1_280' title='bbox 338 2881 353 2910; x_wconf 78' lang='lat'>⁴¹</span> <span class='ocrx_word' id='word_1_281' title='bbox 370 2882 401 2931; x_wconf 80' lang='lat' dir='ltr'>In</span> <span class='ocrx_word' id='word_1_282' title='bbox 420 2881 458 2931; x_wconf 78' lang='lat' dir='ltr'>liis</span> <span class='ocrx_word' id='word_1_283' title='bbox 477 2882 502 2930; x_wconf 87' lang='lat' dir='ltr'>cl</span> <span class='ocrx_word' id='word_1_284' title='bbox 528 2884 648 2933; x_wconf 82' lang='lat' dir='ltr'>Celtarum</span> <span class='ocrx_word' id='word_1_285' title='bbox 664 2885 753 2948; x_wconf 78' lang='lat' dir='ltr'>posuit,</span> <span class='ocrx_word' id='word_1_286' title='bbox 775 2888 828 2951; x_wconf 65' lang='lat' dir='ltr'>esc]</span> <span class='ocrx_word' id='word_1_287' title='bbox 868 2885 984 2947; x_wconf 80' lang='lat' dir='ltr'>Scaliger</span> <span class='ocrx_word' id='word_1_288' title='bbox 1010 2883 1124 2934; x_wconf 82' lang='lat' dir='ltr'>feliciter</span> <span class='ocrx_word' id='word_1_289' title='bbox 1145 2884 1258 2948; x_wconf 85' lang='lat' dir='ltr'>quidem,</span> <span class='ocrx_word' id='word_1_290' title='bbox 1284 2892 1312 2934; x_wconf 84' lang='lat' dir='ltr'>at</span> <span class='ocrx_word' id='word_1_291' title='bbox 1344 2899 1391 2948; x_wconf 89' lang='lat' dir='ltr'>pro</span> 
     </span>
     <span class='ocr_line' id='line_1_30' title="bbox 304 2953 1232 3025; baseline 0.003 -20"><span class='ocrx_word' id='word_1_292' title='bbox 304 2953 423 3006; x_wconf 83' lang='lat' dir='ltr'>Habetnr</span> <span class='ocrx_word' id='word_1_293' title='bbox 434 2957 496 3006; x_wconf 91' lang='lat' dir='ltr'>illud</span> <span class='ocrx_word' id='word_1_294' title='bbox 515 2957 589 3007; x_wconf 77' lang='lat' dir='ltr'><strong>initIo</strong></span> <span class='ocrx_word' id='word_1_295' title='bbox 604 2959 723 3009; x_wconf 88' lang='lat' dir='ltr'>catalect.</span> <span class='ocrx_word' id='word_1_296' title='bbox 742 2960 828 3025; x_wconf 84' lang='lat' dir='ltr'>Virgi-</span> <span class='ocrx_word' id='word_1_297' title='bbox 868 2973 940 3008; x_wconf 86' lang='lat' dir='ltr'>mere</span> <span class='ocrx_word' id='word_1_298' title='bbox 951 2973 1095 3022; x_wconf 82' lang='lat' dir='ltr'>scoparum</span> <span class='ocrx_word' id='word_1_299' title='bbox 1107 2959 1232 3008; x_wconf 87' lang='lat' dir='ltr'>modeste.</span> 
     </span>
     <span class='ocr_line' id='line_1_31' title="bbox 302 3030 1391 3099; baseline 0.006 -21"><span class='ocrx_word' id='word_1_300' title='bbox 302 3030 349 3078; x_wconf 84' lang='lat' dir='ltr'><strong>lii:</strong></span> <span class='ocrx_word' id='word_1_301' title='bbox 368 3031 435 3093; x_wconf 84' lang='lat' dir='ltr'>quud</span> <span class='ocrx_word' id='word_1_302' title='bbox 454 3046 558 3080; x_wconf 85' lang='lat' dir='ltr'>carmen</span> <span class='ocrx_word' id='word_1_303' title='bbox 573 3035 682 3083; x_wconf 86' lang='lat' dir='ltr'>maxime</span> <span class='ocrx_word' id='word_1_304' title='bbox 700 3035 826 3099; x_wconf 82' lang='lat' dir='ltr'>depreva-</span> <span class='ocrx_word' id='word_1_305' title='bbox 898 3038 913 3082; x_wconf 80' lang='lat' dir='ltr'><strong>i</strong></span> <span class='ocrx_word' id='word_1_306' title='bbox 931 3033 1068 3095; x_wconf 80' lang='lat' dir='ltr'>imperinm,</span> <span class='ocrx_word' id='word_1_307' title='bbox 1076 3034 1149 3094; x_wconf 84' lang='lat' dir='ltr'>litem,</span> <span class='ocrx_word' id='word_1_308' title='bbox 1161 3033 1278 3096; x_wconf 83' lang='lat' dir='ltr'>Venerem,</span> <span class='ocrx_word' id='word_1_309' title='bbox 1288 3049 1330 3083; x_wconf 80' lang='lat' dir='ltr'>cur</span> <span class='ocrx_word' id='word_1_310' title='bbox 1344 3049 1391 3084; x_wconf 79' lang='lat' dir='ltr'>ena</span> 
     </span>
     <span class='ocr_line' id='line_1_32' title="bbox 302 3107 1387 3174; baseline 0.009 -22"><span class='ocrx_word' id='word_1_311' title='bbox 302 3108 368 3164; x_wconf 85' lang='lat' dir='ltr'>tum,</span> <span class='ocrx_word' id='word_1_312' title='bbox 385 3118 481 3167; x_wconf 84' lang='lat' dir='ltr'>suoque</span> <span class='ocrx_word' id='word_1_313' title='bbox 496 3107 572 3155; x_wconf 88' lang='lat' dir='ltr'>nitori</span> <span class='ocrx_word' id='word_1_314' title='bbox 591 3108 720 3158; x_wconf 86' lang='lat' dir='ltr'>redditum</span> <span class='ocrx_word' id='word_1_315' title='bbox 737 3125 752 3158; x_wconf 85' lang='lat' dir='ltr'>a</span> <span class='ocrx_word' id='word_1_316' title='bbox 767 3111 825 3162; x_wconf 82' lang='lat' dir='ltr'>Jns.</span> <span class='ocrx_word' id='word_1_317' title='bbox 867 3109 1172 3174; x_wconf 76' lang='lat' dir='ltr'>netetrea]‘1mperium&#39;</span> <span class='ocrx_word' id='word_1_318' title='bbox 1190 3110 1292 3174; x_wconf 87' lang='lat' dir='ltr'>quidem</span> <span class='ocrx_word' id='word_1_319' title='bbox 1313 3118 1343 3160; x_wconf 94' lang='lat' dir='ltr'>ut</span> <span class='ocrx_word' id='word_1_320' title='bbox 1361 3113 1387 3162; x_wconf 92' lang='lat' dir='ltr'><strong>in</strong></span> 
     </span>
     <span class='ocr_line' id='line_1_33' title="bbox 303 3177 1389 3249; baseline 0.01 -24"><span class='ocrx_word' id='word_1_321' title='bbox 303 3177 444 3239; x_wconf 80' lang='lat' dir='ltr'>Scaligero,</span> <span class='ocrx_word' id='word_1_322' title='bbox 462 3193 520 3227; x_wconf 89' lang='lat' dir='ltr'>cum</span> <span class='ocrx_word' id='word_1_323' title='bbox 540 3181 589 3230; x_wconf 81' lang='lat' dir='ltr'>lunc</span> <span class='ocrx_word' id='word_1_324' title='bbox 607 3181 687 3231; x_wconf 83' lang='lat' dir='ltr'>faciat</span> <span class='ocrx_word' id='word_1_325' title='bbox 707 3184 825 3249; x_wconf 82' lang='lat' dir='ltr'>maxime,</span> <span class='ocrx_word' id='word_1_326' title='bbox 866 3183 914 3232; x_wconf 85' lang='lat' dir='ltr'>boc</span> <span class='ocrx_word' id='word_1_327' title='bbox 934 3184 980 3234; x_wconf 91' lang='lat' dir='ltr'>lib.</span> <span class='ocrx_word' id='word_1_328' title='bbox 998 3185 1154 3234; x_wconf 86' lang='lat' dir='ltr'>rrr.AEueid.</span> <span class='ocrx_word' id='word_1_329' title='bbox 1176 3185 1335 3249; x_wconf 78' lang='lat' dir='ltr'>‘Postquam</span> <span class='ocrx_word' id='word_1_330' title='bbox 1347 3201 1389 3236; x_wconf 82' lang='lat' dir='ltr'>res</span> 
     </span>
     <span class='ocr_line' id='line_1_34' title="bbox 303 3250 1387 3324; baseline 0.011 -25"><span class='ocrx_word' id='word_1_331' title='bbox 303 3250 450 3299; x_wconf 87' lang='lat' dir='ltr'>exscribere</span> <span class='ocrx_word' id='word_1_332' title='bbox 458 3251 567 3313; x_wconf 85' lang='lat' dir='ltr'>placuit:</span> <span class='ocrx_word' id='word_1_333' title='bbox 580 3255 694 3304; x_wconf 79' lang='lat' dir='ltr'>‘libetur</span> <span class='ocrx_word' id='word_1_334' title='bbox 703 3258 825 3310; x_wconf 87' lang='lat' dir='ltr'>meierum</span> <span class='ocrx_word' id='word_1_335' title='bbox 866 3257 946 3320; x_wconf 67' lang='lat' dir='ltr'>Asiae,</span> <span class='ocrx_word' id='word_1_336' title='bbox 967 3260 1117 3324; x_wconf 78' lang='lat' dir='ltr'>Priamique</span> <span class='ocrx_word' id='word_1_337' title='bbox 1144 3265 1262 3310; x_wconf 84' lang='lat' dir='ltr'>evertere</span> <span class='ocrx_word' id='word_1_338' title='bbox 1282 3268 1387 3323; x_wconf 81' lang='lat' dir='ltr'>gentem</span> 
     </span>
    </p>
   </div>
   <div class='ocr_carea' id='block_1_14' title="bbox 192 3325 1387 3397">
    <p class='ocr_par' dir='ltr' id='par_1_15' title="bbox 192 3325 1387 3397">
     <span class='ocr_line' id='line_1_35' title="bbox 192 3325 1387 3397; baseline 0.013 -27"><span class='ocrx_word' id='word_1_339' title='bbox 192 3343 197 3350; x_wconf 60' lang='grc'><strong>«</strong></span> <span class='ocrx_word' id='word_1_340' title='bbox 303 3329 404 3373; x_wconf 81' lang='lat' dir='ltr'>amator</span> <span class='ocrx_word' id='word_1_341' title='bbox 414 3325 465 3374; x_wconf 85' lang='lat' dir='ltr'>iste</span> <span class='ocrx_word' id='word_1_342' title='bbox 474 3327 746 3391; x_wconf 84' lang='lat' dir='ltr'>verborum,1ste,iste</span> <span class='ocrx_word' id='word_1_343' title='bbox 759 3333 825 3383; x_wconf 86' lang='lat' dir='ltr'>Rhe·</span> <span class='ocrx_word' id='word_1_344' title='bbox 864 3330 1024 3382; x_wconf 90' lang='lat' dir='ltr'>Immeritam</span> <span class='ocrx_word' id='word_1_345' title='bbox 1036 3333 1117 3382; x_wconf 86' lang='lat' dir='ltr'>risum</span> <span class='ocrx_word' id='word_1_346' title='bbox 1126 3332 1251 3397; x_wconf 66' lang='lat' dir='ltr'>Superis!</span> <span class='ocrx_word' id='word_1_347' title='bbox 1272 3335 1387 3385; x_wconf 73' lang='lat' dir='ltr'>‘Lirem’</span> 
     </span>
    </p>
   </div>
   <div class='ocr_carea' id='block_1_15' title="bbox 297 3404 1388 4222">
    <p class='ocr_par' dir='ltr' id='par_1_16' title="bbox 299 3404 1388 3922">
     <span class='ocr_line' id='line_1_36' title="bbox 301 3404 1387 3471; baseline 0.006 -22"><span class='ocrx_word' id='word_1_348' title='bbox 301 3404 352 3459; x_wconf 86' lang='lat' dir='ltr'>tur,</span> <span class='ocrx_word' id='word_1_349' title='bbox 372 3411 482 3463; x_wconf 85' lang='lat' dir='ltr'>namque</span> <span class='ocrx_word' id='word_1_350' title='bbox 494 3408 621 3464; x_wconf 85' lang='lat' dir='ltr'>quatenns</span> <span class='ocrx_word' id='word_1_351' title='bbox 639 3409 707 3452; x_wconf 86' lang='lat' dir='ltr'>totns</span> <span class='ocrx_word' id='word_1_352' title='bbox 723 3406 824 3471; x_wconf 80' lang='lat' dir='ltr'>Thucy·</span> <span class='ocrx_word' id='word_1_353' title='bbox 864 3412 893 3456; x_wconf 89' lang='lat' dir='ltr'>ut</span> <span class='ocrx_word' id='word_1_354' title='bbox 903 3406 928 3455; x_wconf 90' lang='lat' dir='ltr'><strong>in</strong></span> <span class='ocrx_word' id='word_1_355' title='bbox 936 3407 983 3457; x_wconf 88' lang='lat' dir='ltr'>boc</span> <span class='ocrx_word' id='word_1_356' title='bbox 990 3407 1093 3458; x_wconf 85' lang='lat' dir='ltr'>Horatii</span> <span class='ocrx_word' id='word_1_357' title='bbox 1105 3410 1159 3458; x_wconf 80' lang='lat' dir='ltr'>Sat.</span> <span class='ocrx_word' id='word_1_358' title='bbox 1176 3413 1201 3460; x_wconf 83' lang='grc'>9.</span> <span class='ocrx_word' id='word_1_359' title='bbox 1218 3409 1264 3460; x_wconf 84' lang='lat' dir='ltr'>lib.</span> <span class='ocrx_word' id='word_1_360' title='bbox 1276 3423 1297 3459; x_wconf 89' lang='lat' dir='ltr'>r.</span> <span class='ocrx_word' id='word_1_361' title='bbox 1311 3411 1321 3440; x_wconf 76' lang='lat'><em>⁴</em></span> <span class='ocrx_word' id='word_1_362' title='bbox 1333 3411 1387 3460; x_wconf 81' lang='lat' dir='ltr'>Du.</span> 
     </span>
     <span class='ocr_line' id='line_1_37' title="bbox 302 3471 1388 3549; baseline 0.015 -29"><span class='ocrx_word' id='word_1_363' title='bbox 302 3471 375 3522; x_wconf 82' lang='lat' dir='ltr'>dides</span> <span class='ocrx_word' id='word_1_364' title='bbox 392 3473 541 3536; x_wconf 79' lang='lat' dir='ltr'>Britannus,</span> <span class='ocrx_word' id='word_1_365' title='bbox 560 3475 655 3530; x_wconf 77' lang='lat' dir='ltr'>Atticus</span> <span class='ocrx_word' id='word_1_366' title='bbox 672 3478 752 3530; x_wconf 84' lang='lat' dir='ltr'>febris</span> <span class='ocrx_word' id='word_1_367' title='bbox 768 3483 823 3534; x_wconf 76' lang='lat' dir='ltr'>&#39;lau</span> <span class='ocrx_word' id='word_1_368' title='bbox 862 3481 919 3531; x_wconf 87' lang='lat' dir='ltr'>bins</span> <span class='ocrx_word' id='word_1_369' title='bbox 934 3498 989 3532; x_wconf 90' lang='lat' dir='ltr'>sum</span> <span class='ocrx_word' id='word_1_370' title='bbox 1007 3484 1067 3548; x_wconf 91' lang='lat' dir='ltr'>quid</span> <span class='ocrx_word' id='word_1_371' title='bbox 1080 3483 1184 3547; x_wconf 81' lang='lat' dir='ltr'>faciam,</span> <span class='ocrx_word' id='word_1_372' title='bbox 1199 3485 1299 3549; x_wconf 87' lang='lat' dir='ltr'>inquit;</span> <span class='ocrx_word' id='word_1_373' title='bbox 1313 3485 1388 3536; x_wconf 79' lang='lat' dir='ltr'>&#39;rene</span> 
     </span>
     <span class='ocr_line' id='line_1_38' title="bbox 301 3545 1388 3622; baseline 0.013 -26"><span class='ocrx_word' id='word_1_374' title='bbox 301 3545 440 3609; x_wconf 83' lang='lat' dir='ltr'>Gallicum,</span> <span class='ocrx_word' id='word_1_375' title='bbox 454 3548 508 3606; x_wconf 84' lang='lat' dir='ltr'>min</span> <span class='ocrx_word' id='word_1_376' title='bbox 519 3551 611 3622; x_wconf 86' lang='lat' dir='ltr'>ipsum,</span> <span class='ocrx_word' id='word_1_377' title='bbox 628 3560 654 3602; x_wconf 85' lang='lat' dir='ltr'>et</span> <span class='ocrx_word' id='word_1_378' title='bbox 666 3555 692 3602; x_wconf 87' lang='lat' dir='ltr'>al</span> <span class='ocrx_word' id='word_1_379' title='bbox 702 3556 725 3604; x_wconf 89' lang='lat' dir='ltr'>ei</span> <span class='ocrx_word' id='word_1_380' title='bbox 737 3557 823 3608; x_wconf 88' lang='lat' dir='ltr'>illisit.&#39;</span> <span class='ocrx_word' id='word_1_381' title='bbox 862 3558 1014 3622; x_wconf 87' lang='lat' dir='ltr'>relinquam,</span> <span class='ocrx_word' id='word_1_382' title='bbox 1023 3573 1057 3610; x_wconf 88' lang='lat' dir='ltr'>an</span> <span class='ocrx_word' id='word_1_383' title='bbox 1067 3559 1137 3610; x_wconf 69' lang='lat' dir='ltr'>rem!</span> <span class='ocrx_word' id='word_1_384' title='bbox 1168 3558 1245 3607; x_wconf 90' lang='lat' dir='ltr'>Unde</span> <span class='ocrx_word' id='word_1_385' title='bbox 1255 3561 1301 3608; x_wconf 83' lang='lat' dir='ltr'>et‘</span> <span class='ocrx_word' id='word_1_386' title='bbox 1312 3561 1388 3610; x_wconf 85' lang='lat' dir='ltr'>reus&#39;</span> 
     </span>
     <span class='ocr_line' id='line_1_39' title="bbox 300 3619 1387 3694; baseline 0.017 -25"><span class='ocrx_word' id='word_1_387' title='bbox 300 3619 385 3674; x_wconf 76' lang='lat' dir='ltr'>Poeta</span> <span class='ocrx_word' id='word_1_388' title='bbox 396 3635 455 3672; x_wconf 87' lang='lat' dir='ltr'>sane</span> <span class='ocrx_word' id='word_1_389' title='bbox 464 3623 513 3672; x_wconf 91' lang='lat' dir='ltr'>hoc</span> <span class='ocrx_word' id='word_1_390' title='bbox 526 3625 686 3688; x_wconf 83' lang='lat' dir='ltr'>Epigramma</span> <span class='ocrx_word' id='word_1_391' title='bbox 700 3631 822 3694; x_wconf 78' lang='lat' dir='ltr'>respexit,</span> <span class='ocrx_word' id='word_1_392' title='bbox 861 3645 953 3680; x_wconf 90' lang='lat' dir='ltr'>nomen</span> <span class='ocrx_word' id='word_1_393' title='bbox 974 3633 1063 3683; x_wconf 84' lang='lat' dir='ltr'>habet.</span> <span class='ocrx_word' id='word_1_394' title='bbox 1106 3632 1282 3686; x_wconf 81' lang='lat' dir='ltr'>‘Veneremr&#39;</span> <span class='ocrx_word' id='word_1_395' title='bbox 1309 3636 1387 3686; x_wconf 91' lang='lat' dir='ltr'>utin</span> 
     </span>
     <span class='ocr_line' id='line_1_40' title="bbox 299 3697 1386 3760; baseline 0.016 -17"><span class='ocrx_word' id='word_1_396' title='bbox 299 3708 350 3759; x_wconf 88' lang='lat' dir='ltr'>quc</span> <span class='ocrx_word' id='word_1_397' title='bbox 370 3697 447 3748; x_wconf 79' lang='lat' dir='ltr'>Maru</span> <span class='ocrx_word' id='word_1_398' title='bbox 461 3699 582 3760; x_wconf 77' lang='lat' dir='ltr'>suggillat</span> <span class='ocrx_word' id='word_1_399' title='bbox 601 3702 738 3753; x_wconf 84' lang='lat' dir='ltr'>Rireturem</span> <span class='ocrx_word' id='word_1_400' title='bbox 759 3707 820 3756; x_wconf 90' lang='lat' dir='ltr'>mei·</span> <span class='ocrx_word' id='word_1_401' title='bbox 860 3706 909 3754; x_wconf 88' lang='lat' dir='ltr'>hcc</span> <span class='ocrx_word' id='word_1_402' title='bbox 926 3707 1044 3757; x_wconf 82' lang='lat' dir='ltr'>Terentii</span> <span class='ocrx_word' id='word_1_403' title='bbox 1061 3708 1178 3759; x_wconf 80' lang='lat' dir='ltr'>Eunucb.</span> <span class='ocrx_word' id='word_1_404' title='bbox 1196 3714 1248 3758; x_wconf 85' lang='lat' dir='ltr'>act.</span> <span class='ocrx_word' id='word_1_405' title='bbox 1266 3722 1286 3758; x_wconf 89' lang='lat'>1.</span> <span class='ocrx_word' id='word_1_406' title='bbox 1306 3722 1343 3759; x_wconf 86' lang='lat' dir='ltr'>sc.</span> <span class='ocrx_word' id='word_1_407' title='bbox 1359 3715 1386 3760; x_wconf 81' lang='lat'>2.</span> 
     </span>
     <span class='ocr_line' id='line_1_41' title="bbox 299 3770 1386 3848; baseline 0.016 -32"><span class='ocrx_word' id='word_1_408' title='bbox 299 3782 370 3820; x_wconf 88' lang='lat' dir='ltr'>nrum</span> <span class='ocrx_word' id='word_1_409' title='bbox 398 3784 443 3822; x_wconf 83' lang='lat' dir='ltr'>sen</span> <span class='ocrx_word' id='word_1_410' title='bbox 471 3770 662 3827; x_wconf 85' lang='lat' dir='ltr'>decurteternm</span> <span class='ocrx_word' id='word_1_411' title='bbox 685 3778 822 3830; x_wconf 83' lang='lat' dir='ltr'>verberum</span> <span class='ocrx_word' id='word_1_412' title='bbox 862 3778 933 3843; x_wconf 80' lang='lat' dir='ltr'>‘Ego</span> <span class='ocrx_word' id='word_1_413' title='bbox 944 3796 1003 3831; x_wconf 89' lang='lat' dir='ltr'>eum</span> <span class='ocrx_word' id='word_1_414' title='bbox 1017 3783 1072 3844; x_wconf 89' lang='lat' dir='ltr'>illo,</span> <span class='ocrx_word' id='word_1_415' title='bbox 1083 3797 1192 3848; x_wconf 87' lang='lat' dir='ltr'>quocum</span> <span class='ocrx_word' id='word_1_416' title='bbox 1203 3788 1258 3832; x_wconf 88' lang='lat' dir='ltr'>tum</span> <span class='ocrx_word' id='word_1_417' title='bbox 1269 3796 1320 3832; x_wconf 88' lang='lat' dir='ltr'>nnn</span> <span class='ocrx_word' id='word_1_418' title='bbox 1330 3798 1386 3836; x_wconf 90' lang='lat' dir='ltr'>rem</span> 
     </span>
     <span class='ocr_line' id='line_1_42' title="bbox 299 3847 1248 3922; baseline 0.012 -25"><span class='ocrx_word' id='word_1_419' title='bbox 299 3850 447 3897; x_wconf 66' lang='lat' dir='ltr'>amatorem.</span> <span class='ocrx_word' id='word_1_420' title='bbox 480 3847 557 3898; x_wconf 87' lang='lat' dir='ltr'>Unde</span> <span class='ocrx_word' id='word_1_421' title='bbox 568 3856 641 3913; x_wconf 89' lang='lat' dir='ltr'>patet</span> <span class='ocrx_word' id='word_1_422' title='bbox 651 3866 726 3915; x_wconf 86' lang='lat' dir='ltr'>quam</span> <span class='ocrx_word' id='word_1_423' title='bbox 739 3860 819 3904; x_wconf 89' lang='lat' dir='ltr'>totum</span> <span class='ocrx_word' id='word_1_424' title='bbox 859 3854 985 3906; x_wconf 86' lang='lat' dir='ltr'>habebam</span> <span class='ocrx_word' id='word_1_425' title='bbox 995 3859 1104 3922; x_wconf 87' lang='lat' dir='ltr'>bospite,</span> <span class='ocrx_word' id='word_1_426' title='bbox 1112 3859 1173 3910; x_wconf 82' lang='lat' dir='ltr'><strong>Abii</strong></span> <span class='ocrx_word' id='word_1_427' title='bbox 1181 3859 1248 3910; x_wconf 69' lang='lat' dir='ltr'>buc!</span> 
     </span>
    </p>

    <p class='ocr_par' dir='ltr' id='par_1_17' title="bbox 297 3917 1387 4222">
     <span class='ocr_line' id='line_1_43' title="bbox 297 3917 1387 4000; baseline 0.019 -32"><span class='ocrx_word' id='word_1_428' title='bbox 297 3919 366 3969; x_wconf 86' lang='lat' dir='ltr'>bunc</span> <span class='ocrx_word' id='word_1_429' title='bbox 384 3917 492 3969; x_wconf 80' lang='lat' dir='ltr'>Ausonii</span> <span class='ocrx_word' id='word_1_430' title='bbox 510 3921 593 3972; x_wconf 90' lang='lat' dir='ltr'>locum</span> <span class='ocrx_word' id='word_1_431' title='bbox 608 3924 751 3977; x_wconf 85' lang='lat' dir='ltr'>turbaverit</span> <span class='ocrx_word' id='word_1_432' title='bbox 763 3929 819 3980; x_wconf 81' lang='lat' dir='ltr'>Flo.</span> <span class='ocrx_word' id='word_1_433' title='bbox 891 3933 907 3978; x_wconf 86' lang='grc'><strong>8</strong></span> <span class='ocrx_word' id='word_1_434' title='bbox 923 3929 973 3994; x_wconf 82' lang='lat' dir='ltr'>Sil]</span> <span class='ocrx_word' id='word_1_435' title='bbox 991 3933 1059 3984; x_wconf 87' lang='lat' dir='ltr'><strong>Piiu.</strong></span> <span class='ocrx_word' id='word_1_436' title='bbox 1077 3935 1121 3984; x_wconf 93' lang='lat' dir='ltr'>lib.</span> <span class='ocrx_word' id='word_1_437' title='bbox 1142 3949 1246 3988; x_wconf 79' lang='lat' dir='ltr'><strong>xxxin.</strong></span> <span class='ocrx_word' id='word_1_438' title='bbox 1263 3951 1320 4000; x_wconf 87' lang='lat' dir='ltr'>cap.</span> <span class='ocrx_word' id='word_1_439' title='bbox 1344 3942 1387 3990; x_wconf 75' lang='lat'>12.</span> 
     </span>
     <span class='ocr_line' id='line_1_44' title="bbox 298 3994 1385 4068; baseline 0.017 -25"><span class='ocrx_word' id='word_1_440' title='bbox 298 3994 818 4063; x_wconf 80' lang='lat' dir='ltr'>ridusdivulsorersuiuquomiueccur·</span> <span class='ocrx_word' id='word_1_441' title='bbox 858 4003 908 4053; x_wconf 85' lang='lat' dir='ltr'>‘Iu</span> <span class='ocrx_word' id='word_1_442' title='bbox 929 4008 1029 4068; x_wconf 75' lang='lat' dir='ltr'>argenti</span> <span class='ocrx_word' id='word_1_443' title='bbox 1050 4013 1078 4058; x_wconf 84' lang='lat' dir='ltr'>et</span> <span class='ocrx_word' id='word_1_444' title='bbox 1104 4011 1161 4059; x_wconf 85' lang='lat' dir='ltr'>auri</span> <span class='ocrx_word' id='word_1_445' title='bbox 1187 4009 1299 4060; x_wconf 88' lang='lat' dir='ltr'>me&#39;tallis</span> <span class='ocrx_word' id='word_1_446' title='bbox 1325 4025 1385 4061; x_wconf 85' lang='lat' dir='ltr'>uas-</span> 
     </span>
     <span class='ocr_line' id='line_1_45' title="bbox 297 4068 1384 4147; baseline 0.022 -34"><span class='ocrx_word' id='word_1_447' title='bbox 297 4068 332 4117; x_wconf 88' lang='lat' dir='ltr'>rit</span> <span class='ocrx_word' id='word_1_448' title='bbox 344 4083 359 4118; x_wconf 92' lang='lat' dir='ltr'>a</span> <span class='ocrx_word' id='word_1_449' title='bbox 369 4068 459 4132; x_wconf 88' lang='lat' dir='ltr'>quintu</span> <span class='ocrx_word' id='word_1_450' title='bbox 470 4075 498 4119; x_wconf 89' lang='lat' dir='ltr'>et</span> <span class='ocrx_word' id='word_1_451' title='bbox 508 4076 581 4120; x_wconf 86' lang='lat' dir='ltr'>sexte</span> <span class='ocrx_word' id='word_1_452' title='bbox 594 4074 713 4134; x_wconf 84' lang='lat' dir='ltr'>sersu,iu</span> <span class='ocrx_word' id='word_1_453' title='bbox 725 4074 817 4137; x_wconf 88' lang='lat' dir='ltr'>quibus</span> <span class='ocrx_word' id='word_1_454' title='bbox 859 4084 954 4126; x_wconf 83' lang='lat' dir='ltr'>crrutur</span> <span class='ocrx_word' id='word_1_455' title='bbox 969 4081 1108 4132; x_wconf 86' lang='lat' dir='ltr'>etiamnum</span> <span class='ocrx_word' id='word_1_456' title='bbox 1128 4084 1270 4146; x_wconf 83' lang='lat' dir='ltr'>pigmenta,</span> <span class='ocrx_word' id='word_1_457' title='bbox 1287 4085 1335 4147; x_wconf 84' lang='lat' dir='ltr'>Sil,</span> <span class='ocrx_word' id='word_1_458' title='bbox 1355 4094 1384 4138; x_wconf 87' lang='lat' dir='ltr'>et</span> 
     </span>
     <span class='ocr_line' id='line_1_46' title="bbox 297 4141 1383 4222; baseline 0.018 -32"><span class='ocrx_word' id='word_1_459' title='bbox 297 4141 321 4190; x_wconf 80' lang='lat' dir='ltr'>al</span> <span class='ocrx_word' id='word_1_460' title='bbox 332 4146 416 4194; x_wconf 78' lang='lat' dir='ltr'>ettae.</span> <span class='ocrx_word' id='word_1_461' title='bbox 431 4143 501 4208; x_wconf 71' lang='lat' dir='ltr'>Lege</span> <span class='ocrx_word' id='word_1_462' title='bbox 512 4143 590 4207; x_wconf 75' lang='lat' dir='ltr'>igitur</span> <span class='ocrx_word' id='word_1_463' title='bbox 601 4159 631 4194; x_wconf 90' lang='lat' dir='ltr'>ec</span> <span class='ocrx_word' id='word_1_464' title='bbox 642 4145 732 4196; x_wconf 82' lang='lat' dir='ltr'>urdine</span> <span class='ocrx_word' id='word_1_465' title='bbox 743 4161 818 4211; x_wconf 88' lang='lat' dir='ltr'>quem</span> <span class='ocrx_word' id='word_1_466' title='bbox 862 4152 1016 4208; x_wconf 84' lang='lat' dir='ltr'>Coeruleum.</span> <span class='ocrx_word' id='word_1_467' title='bbox 1048 4155 1085 4208; x_wconf 85' lang='lat' dir='ltr'>Sil</span> <span class='ocrx_word' id='word_1_468' title='bbox 1108 4159 1214 4222; x_wconf 86' lang='lat' dir='ltr'>proprie</span> <span class='ocrx_word' id='word_1_469' title='bbox 1224 4159 1299 4214; x_wconf 86' lang='lat' dir='ltr'>limus</span> <span class='ocrx_word' id='word_1_470' title='bbox 1321 4161 1383 4218; x_wconf 77' lang='lat' dir='ltr'>est&#39;</span> 
     </span>
    </p>
   </div>
   <div class='ocr_carea' id='block_1_16' title="bbox 0 0 1518 4898">
    <p class='ocr_par' dir='ltr' id='par_1_18' title="bbox 0 0 1518 4898">
     <span class='ocr_line' id='line_1_47' title="bbox 0 0 1518 4898; baseline 0 7"><span class='ocrx_word' id='word_1_471' title='bbox 0 0 1518 4898; x_wconf 95' lang='lat' dir='ltr'> </span> 
     </span>
    </p>
   </div>
  </div>
 </body>
</html>
