3000 4882
492 332 720 382 suarusauru
744 334 870 384 nemo.
1162 323 1227 390 775

127 472 228 560 (suus
244 473 334 538 cuim
358 474 479 558 cuique
500 477 639 556 animus,
664 479 768 542 suum
784 479 951 555 meritum,
978 479 1109 562 sibique
1133 499 1227 544 meus

126 576 268 666 conscia
279 572 360 658 est)
371 576 459 660 jure,
471 579 620 661 inquam,
634 599 710 644 meo
725 580 886 645 affirmare
900 599 1053 663 possum,
1079 601 1132 646 me
1146 581 1227 646 mihi

128 677 238 742 v'ideri
259 698 281 742 a
302 680 426 742 ceteris
452 699 528 744 esse
553 689 727 747 secretum.
772 683 824 746 15.
850 683 945 760 Sunt,
965 701 1049 765 quos
1073 687 1227 768 votorum

127 780 259 842 cruciat
273 781 436 845 inanitas:
459 801 525 846 non
543 783 658 866 optavi
671 792 698 847 :⁵
721 804 805 865 quos
821 790 958 848 exercet
973 783 1136 848 ambitus:
1159 803 1227 848 non

125 880 252 962 petivi:
268 881 326 963 qui
336 881 532 946 assiduitate
547 885 758 966 exprimunt:
773 905 839 949 non
851 884 944 967 coegi
956 905 964 949 :
978 885 1037 967 qui
1049 893 1074 936 ¹⁹
1086 883 1226 948 offerun-

127 982 410 1046 turoccasione:²
430 1002 494 1052 non
523 985 644 1048 offui:u
670 1005 756 1068 quos
776 987 875 1070 juvat
899 986 1090 1070 opulentia:
1114 987 1227 1049 obstat

126 1087 314 1165 temporum
329 1069 539 1166 disciplinas
587 1084 668 1149 Non
693 1088 777 1151 emi:
799 1106 862 1150 nec
888 1106 1027 1170 possum
1051 1088 1225 1151 continen-

126 1184 209 1246 tiam
222 1183 371 1267 jactare;
394 1205 461 1249 non
475 1186 585 1250 habui.
630 1185 742 1251 Unum
758 1193 913 1270 proestare
930 1187 1089 1266 tentavi,w
1110 1187 1225 1252 ethos

124 1284 238 1367 ipsum
252 1286 351 1368 quasi
364 1306 474 1350 meum
491 1286 659 1351 vindicare
674 1307 742 1350 non
757 1308 912 1371 possum:
936 1289 970 1351 in
985 1295 1046 1353 tua
1061 1289 1147 1352 enim
1160 1309 1224 1372 po-

127 1387 227 1450 situm
250 1391 304 1448 est
326 1387 494 1467 opinione,
516 1388 546 1450 si
561 1390 673 1452 merui.
719 1389 771 1454 16.
799 1390 925 1453 Fecisti
942 1397 1057 1454 autem
1070 1390 1224 1454 etfacies

128 1487 216 1550 alios
231 1506 368 1570 quoquc
382 1485 563 1564 Consules
573 1489 724 1570 piissime
734 1489 908 1567 Gratiane,
920 1491 981 1555 sed
996 1511 1060 1554 non
1074 1498 1107 1554 et
1121 1482 1226 1557 sarisa

126 1590 213 1672 pari.
235 1588 338 1653 Viros
353 1590 467 1671 gloriae
482 1592 655 1655 militaris:
671 1591 795 1655 habent
805 1592 891 1655 enim
905 1599 1026 1668 tecum,
1038 1597 1076 1656 ut
1091 1612 1225 1676 semper

125 1691 265 1769 laboris,
276 1693 325 1756 ita
335 1691 507 1774 dignitatis
519 1694 714 1776 pierumque
726 1693 958 1770 consortium,¹
974 1692 1108 1758 virtutis
1123 1713 1223 1776 quam

124 1909 212 1960 sienim
222 1909 307 1960 aalma
317 1924 384 1959 mum
398 1910 511 1972 animum,
527 1924 592 1958 mam
609 1912 730 1972 virtulem
739 1915 763 1959 ei
772 1915 853 1972 pectem
868 1911 914 1960 sili
924 1908 1069 1972 conscium)
1078 1923 1179 1972 pomum
1187 1909 1225 1958 in·

125 1989 205 2037 mom,
214 1989 347 2024 asseverare
356 1975 441 2023 merito
459 1989 496 2024 mo
514 1975 590 2023 uideri
600 1975 659 2023 mili
676 1990 725 2024 esse
735 1976 874 2023 distinctum
888 1991 904 2022 a
920 1976 1027 2038 reliquis.
1059 1971 1121 2022 Sunt
1131 1974 1225 2036 quidam

123 2038 165 2100 qai
175 2043 296 2099 anguntur
305 2039 366 2088 uotis
375 2038 493 2099 inanibus,
504 2044 531 2086 ut
538 2053 581 2099 ego
589 2054 635 2087 non
651 2039 772 2100 concupiui
785 2041 944 2090 Camiaeum
982 2038 1045 2086 Sum
1058 2051 1116 2100 quos
1127 2036 1224 2086 ambitio

124 2101 220 2162 «guas.-
244 2117 290 2151 sos
300 2103 391 2164 rogaui.
425 2102 488 2152 Sunt
498 2105 539 2164 aui
549 2107 687 2164 extorquent
704 2103 801 2152 honores
816 2103 910 2152 assidue
926 2103 1043 2164 petendo:
1071 2115 1115 2162 ego
1125 2116 1172 2149 aon
1182 2115 1224 2149 esc-

125 2168 194 2216 lorsi.
227 2164 289 2218 Saul
300 2182 355 2228 auos
370 2165 540 2230 mcaoioaffert
550 2167 689 2214 honoribus.-
713 2182 756 2228 ega
772 2182 819 2215 non
837 2167 902 2230 affui
917 2181 969 2214 cam
984 2169 1060 2214 dares.
1095 2165 1225 2226 assiqua

124 2244 238 2292 opessuoe
248 2231 362 2291 adimant
379 2231 406 2280 in
424 2230 548 2280 mnasilus
563 2230 741 2294 consequendis:
764 2237 789 2280 cl
809 2231 932 2293 disciplina
949 2231 1032 2278 uorum
1050 2233 1179 2291 temporam
1197 2228 1224 2276 ia

121 2294 240 2356 proliiel.
274 2295 327 2356 Ego
337 2309 383 2343 non
393 2297 439 2343 mai
447 2295 507 2344 luno
521 2295 639 2357 innocen,
650 2309 723 2357 neque
731 2309 825 2359 possnm
835 2296 964 2357 psalmare
975 2309 1049 2342 meum
1060 2294 1158 2342 eciam
1169 2306 1222 2340 eon-

124 2358 270 2415 tinentiam,·
293 2359 380 2408 etenim
398 2373 444 2408 noo
455 2359 526 2408 habui
542 2361 603 2408 unae
616 2373 723 2409 emerem.
759 2361 863 2408 Canales
880 2374 931 2406 sum
949 2359 1038 2422 efficere
1053 2371 1136 2416 unum,
1151 2371 1224 2418 aeque

123 2435 218 2485 possm
229 2423 287 2471 mili
297 2423 323 2471 iil
333 2437 435 2472 memore
445 2424 508 2472 oslui
520 2438 610 2471 meum:
627 2437 682 2471 nom
690 2425 775 2485 pendet
794 2439 824 2472 ex
840 2428 881 2472 lna
898 2421 1082 2481 existimatione,
1093 2435 1124 2468 ua
1134 2434 1226 2469 menie·

123 2485 180 2534 rim.
214 2486 299 2548 Porro,
309 2488 349 2550 pie
359 2489 481 2536 admodum
494 2488 621 2544 Gratiano,
635 2487 789 2549 fecistijom,
799 2492 823 2535 ei
829 2487 908 2546 facies
917 2487 992 2535 odino
1001 2485 1061 2534 alios
1077 2485 1149 2533 eliam
1162 2485 1223 2532 Con·

124 2552 284 2608 seleuciam
294 2551 396 2600 similem
412 2566 500 2615 quoquc
517 2551 545 2600 ol
562 2552 686 2600 rationem.
713 2547 804 2600 'Facies
824 2552 934 2600 Consules
952 2551 1015 2598 ainos
1029 2549 1116 2598 militia
1135 2549 1225 2596 claros:

125 2613 211 2678 quippe
226 2615 264 2664 iiii
279 2615 436 2678 participant,
452 2620 480 2666 at
488 2629 578 2678 semper
588 2615 677 2664 labam
697 2620 757 2677 loos,
769 2616 805 2664 iio
814 2630 875 2678 sape
891 2621 915 2664 el
925 2615 1031 2676 honores,
1040 2628 1092 2662 cam
1101 2613 1168 2676 prius
1178 2613 1225 2661 ool·

587 2775 767 2796 umnmn

126 2890 203 2952 male,
210 2888 299 2952 judice
310 2889 487 2942 Florida—19
504 2889 646 2956 Acidalius,
660 2891 826 2948 Quibus-2⁰
843 2889 926 2937 Roma
933 2885 976 2935 hic
986 2884 1059 2949 pouit
1066 2881 1222 2934 Gronovius.

623 3061 729 3112 NOTAE

126 3178 185 3241 ejus
198 3189 277 3240 opera
288 3189 370 3225 essem
382 3175 478 3225 Consul
490 3179 602 3225 creatus.
696 3179 749 3224 tem
760 3169 872 3221 habebat
886 3167 998 3230 occasio,
1012 3164 1149 3230 prelatum
1166 3177 1222 3214 cre·

159 3259 170 3284 ¹
188 3251 247 3300 Com
257 3251 381 3301 uanum
391 3252 426 3301 nil
434 3251 526 3316 pepigi]
541 3253 611 3300 Puto
626 3257 655 3300 ut
695 3245 839 3298 didisseui!

127 3326 279 3392 potentioris
297 3327 407 3390 alicujus
427 3327 605 3391 competitoris
616 3333 655 3376 ta·
726 3319 893 3385 ¹¹Noaoffm]
910 3319 975 3368 Erat
993 3317 1090 3382 quippe
1112 3321 1174 3366 tuac
1195 3314 1223 3364 iu

126 3401 209 3453 bellos
219 3403 394 3465 supprimeret
405 3403 472 3452 iuter
482 3402 654 3452 diribsadum.
695 3399 792 3460 Gallia,
799 3397 940 3447 Gratianus
951 3407 1012 3442 vero
1023 3391 1110 3442 Sirmii
1119 3390 1146 3440 iu
1155 3391 1224 3440 Pau·

160 3483 170 3508 ¹
185 3475 248 3526 Sunt
258 3493 322 3540 quos,
332 3480 372 3540 ξε.
382 3492 428 3526 non
439 3477 530 3540 aptoni]
546 3479 654 3526 Enume-
695 3475 780 3535 aonia,
794 3478 824 3522 ut
835 3471 966 3522 videbitur
975 3467 1053 3520 iufra.

126 3553 194 3604 ratio
204 3554 308 3617 elegans
320 3568 376 3603 eum
388 3553 559 3616 subjectione.
727 3559 738 3583 ¹
758 3549 842 3598 Obstat
860 3552 988 3610 temporum
1004 3543 1139 3608 disciplina]
1156 3542 1223 3593 Haec

160 3628 229 3684 ¹<lui
240 3628 511 3693 offeruntur-occasione]
526 3627 655 3679 Quiforte
696 3627 728 3677 ad
748 3625 868 3676 Gratiani
886 3621 998 3683 laudem,
1014 3620 1062 3669 sub
1079 3619 1152 3682 cujus
1169 3618 1221 3666 Im-

126 3712 183 3756 tum
193 3705 317 3769 temporis
329 3712 465 3754 occurrunt
475 3704 595 3769 principi,
612 3712 657 3754 aut
696 3703 827 3767 perionon
839 3698 940 3763 opibus,
952 3695 999 3746 sed
1007 3695 1105 3744 virtute
1116 3692 1229 3742 honores

126 3783 155 3832 iu
166 3781 293 3831 comitatu
304 3787 373 3840 sunt,
390 3795 447 3829 enm
466 3779 571 3829 comitia
590 3779 656 3828 ordi·
697 3784 829 3842 parentur.

127 3863 186 3920 nst,
208 3854 423 3920 quemadmodum
444 3855 530 3904 fuerat
557 3856 657 3916 collega
728 3861 744 3886 ⁹
763 3854 842 3904 Unam
851 3854 966 3914 prasium
975 3846 1077 3909 tentum]
1093 3845 1133 3894 Ut
1142 3856 1222 3893 mere·

127 3933 186 3996 ejus
197 3930 328 3994 Olybrius.
356 3931 399 3980 Sic
411 3932 479 3979 enim
491 3931 524 3980 de
533 3946 564 3981 eo
574 3931 655 3980 infra:
697 3943 749 3982 rer.

127 4017 135 4038 ⁸
147 4007 199 4058 Sed
211 4016 296 4056 tamen
306 4005 338 4056 ad
350 4007 506 4057 hecdicium
518 4014 657 4058 erexerant
729 4011 741 4036 ¹
753 3993 1222 4062 Itaaigailalisplemmqsecoasorlinm]

127 4084 236 4144 animos,
253 4083 297 4146 qui
309 4082 422 4132 libenter
434 4083 603 4132 clarissimum
620 4082 656 4131 vi·
696 4084 767 4132 Dum
777 4093 822 4129 eos
834 4076 898 4126 facis
911 4081 967 4126 tuos
978 4073 1005 4122 ia
1018 4071 1158 4122 Consulatu
1169 4070 1221 4119 ool-

126 4173 184 4210 rum
197 4159 320 4223 collegam
338 4173 429 4216 meum,
448 4174 522 4225 quem
543 4173 656 4224 praeseu-
694 4161 774 4221 legas.
