3000 4882
297 399 381 468 802'
771 409 925 466 susorur

297 569 417 648 perata
429 559 588 626 mneritas
602 558 679 637 ruit,
692 561 789 642 parto
802 563 839 622 et
852 555 990 622 condito
1005 555 1144 638 optimae
1154 562 1180 606 ¹⁹
1193 554 1389 638 reipublice

298 669 398 741 statu,
420 663 576 746 intelligis
599 681 701 746 posse
722 669 756 725 te
779 679 855 724 esse
879 658 1086 723 lenissimum
1111 657 1184 721 sine
1206 658 1389 742 dispendio

297 765 497 850 disciplima.
540 764 663 848 Neque
688 781 768 828 vero
794 781 898 826 unurn
927 759 1065 843 aliquod
1087 761 1214 823 bonnm
1238 778 1308 823 uno
1334 760 1390 824 die

296 872 456 951 pmstas:
480 865 541 931 sed
554 864 781 948 indulgentias
795 859 996 928 saecularesb
1016 881 1076 944 per
1088 861 1223 944 singula
1235 863 1391 926 horarum

296 973 465 1034 momenta
479 968 699 1052 multiplicas.
742 966 798 1032 73.
819 965 888 1030 Vel
907 963 992 1030 illud
1005 983 1106 1029 unum
1122 965 1313 1050 cujusmodi
1327 969 1389 1043 est,

298 1070 554 1158 decondonatis
568 1071 713 1136 residuis
737 1068 979 1134 tributnrnml‘
1022 1065 1123 1144 Quod
1146 1071 1181 1130 tn
1204 1084 1306 1148 quarn
1332 1085 1389 1132 cn·

296 1173 426 1238 mutata
443 1173 594 1238 bonitate
616 1173 748 1238 iecisti!
793 1170 881 1249 Quis
895 1189 1041 1254 anquam
1058 1169 1302 1252 Imperatorum
1325 1169 1389 1232 hoc

296 1275 478 1359 provinciis
493 1276 563 1340 suis
578 1281 637 1340 aut
649 1276 801 1342 uberiore
814 1273 1017 1356 indulgentia
1026 1278 1054 1308 ²0
1067 1271 1169 1347 dedit,
1180 1274 1238 1334 aut
1250 1271 1391 1335 certiore

296 1377 474 1444 securitate
501 1378 685 1460 prospexit,
713 1386 776 1444 aut
803 1377 980 1460 prudentia
1004 1373 1202 1439 consultiore
1220 1374 1388 1439 muniritt

297 1476 436 1546 Fecerat
449 1483 484 1543 et
492 1478 660 1562 Trajanns
671 1475 780 1555 olim,d
795 1477 866 1555 sed,
876 1478 1030 1560 partibas
1040 1475 1200 1551 rotantia,⁸
1209 1493 1278 1538 non
1288 1475 1391 1542 habe-
1486 1477 1487 1488 ’

249 1599 253 1610 “
295 1585 357 1648 bat
378 1587 508 1648 tantm
535 1581 792 1647 oblectationem
815 1579 969 1644 concessi
991 1577 1096 1642 debiti
1122 1579 1241 1660 portio,
1264 1583 1390 1659 quanta

296 1685 432 1750 suberat
456 1683 647 1749 amaritudo
670 1681 803 1747 servati.
836 1679 881 1745 Et
895 1677 1089 1745 Antoninus
1103 1675 1389 1745 indulserat:‘sod

295 1786 440 1871 imperii,
453 1804 521 1850 non
534 1783 702 1862 beneficii,
717 1791 915 1850 successor⁸
929 1782 1059 1860 inridit,
1075 1783 1131 1865 qui
1146 1801 1191 1846 ex
1208 1781 1391 1846 documen·

294 1969 372 2031 uota,
387 1971 499 2022 sanitae
518 1974 647 2036 moderas,
669 1987 730 2022 nune
746 1985 798 2022 eurr
809 1972 912 2035 Respub.
932 1971 1019 2034 optino
1038 1975 1105 2020 statu
1119 1969 1245 2032 nepeta
1254 1969 1391 2034 aefirnata

293 2035 466 2098 eet,cognoseir
480 2040 505 2085 te
519 2051 586 2099 porse
598 2050 646 2086 esse
666 2035 816 2086 mitissimum
831 2035 916 2100 absum
932 2036 1071 2085 detrimento
1082 2035 1222 2096 disciplina.
1255 2033 1306 2083 Sed
1318 2048 1391 2096 neque

294 2099 386 2160 ronfm
403 2105 495 2150 tamn
505 2113 578 2150 wera
595 2101 690 2163 aliquod
700 2100 836 2166 beneficium
854 2099 948 2150 enodis
960 2116 968 2148 .·
990 2113 1071 2148 mrum
1086 2099 1285 2161 ungeminasper
1294 2098 1391 2160 ringula

291 2163 500 2225 pundaborarsm
510 2165 650 2227 largitiones
667 2167 794 2214 duraturas
811 2179 853 2228 per
866 2166 990 2213 saeulmn.
1027 2163 1070 2213 Vel
1088 2165 1151 2212 istud
1162 2171 1312 2212 unumtusun
1323 2163 1390 2210 bene-

286 2225 372 2292 flciunr
382 2243 427 2290 quo
437 2228 553 2278 remisisti
568 2230 681 2292 reliquias
690 2229 851 2291 ceefiguliurn,
858 2230 925 2292 quale
934 2224 993 2277 esti
1010 2229 1080 2284 Quod
1088 2232 1116 2276 tu
1126 2241 1195 2291 quum
1204 2229 1275 2290 plena
1283 2225 1391 2288 benigni·

293 2290 454 2350 auferunt!
471 2291 531 2347 Quis
543 2293 664 2342 Casurum
673 2308 775 2356 unqwrn
785 2298 828 2342 aut
836 2293 952 2356 maduit
965 2292 1008 2340 boe
1018 2293 1069 2341 suis
1077 2292 1205 2354 monne&
1220 2291 1324 2351 largiori
1334 2305 1389 2340 oon·

292 2356 426 2416 dominre,
436 2360 479 2404 aut
487 2358 591 2418 moridit
600 2357 635 2406 eis
644 2357 731 2406 tutiori
736 2358 854 2420 mutiano,
862 2363 904 2406 aut
914 2356 1030 2406 stabilivit
1038 2371 1105 2406 mum
1115 2358 1180 2407 istud
1192 2356 1328 2420 beaeyidurn
1338 2371 1391 2405 con·

291 2419 345 2468 silio
354 2417 520 2482 prudentiori?
538 2419 654 2482 iluimus
661 2420 829 2482 etiamseeerat
837 2422 952 2484 quadarn
963 2422 1052 2484 utquid
1060 2421 1151 2470 unite:
1162 2421 1202 2468 sed
1209 2435 1261 2468 cum
1271 2433 1390 2469 resersus·

290 2487 328 2532 set
339 2485 450 2546 medam
462 2489 552 2546 partes,
569 2499 615 2534 non
634 2490 726 2534 tanturn
742 2485 870 2549 wluptatis
887 2484 1061 2548 percipiebatur
1074 2489 1184 2548 exparte
1194 2484 1268 2533 debiti
1285 2484 1389 2545 remissi,

292 2551 406 2608 ammae
422 2547 594 2609 relinquebatur
610 2550 725 2598 amareris
747 2565 777 2598 err
796 2565 822 2598 eo
843 2551 903 2612 qued
925 2553 978 2598 erat
1000 2555 1126 2598 retentura.
1159 2549 1295 2598 Antoninus
1317 2549 1390 2597 etism
1486 2573 1487 2576 =

291 2611 460 2662 condonaverat
466 2611 579 2672 <imnodi
596 2612 721 2675 reliquias.-
735 2627 816 2662 aerum
834 2627 949 2662 maceror
962 2613 1058 2676 inperii
1068 2615 1116 2674 ejus
1132 2627 1178 2662 non
1189 2612 1388 2674 auternbenigni-
1485 2631 1487 2648 u

292 2674 359 2738 tatis,
369 2673 455 2726 inridit
471 2675 662 2741 boepraaineiis,
677 2676 718 2740 qui
735 2678 833 2728 remissa
849 2678 977 2742 repoposcit
989 2679 1064 2738 pera
1082 2677 1238 2729 imtruneata
1248 2682 1272 2726 et
1291 2676 1385 2726 tabulas

749 2827 929 2848 uenenum

290 2931 460 2984 Vincta-lit
478 2933 573 2998 Optime
589 2901 667 2998 vulg:
682 2934 1051 2998 Graevius.legitopttno.-20
1071 2933 1187 2984 Uberiore
1206 2939 1229 2983 te
1240 2933 1389 2995 indulgmia

785 3076 892 3128 NOTAE

321 3181 394 3233 'Sed
415 3181 577 3245 indulgentibus
595 3182 729 3246 enatares]
757 3181 817 3231 Non
858 3189 949 3246 gustus
968 3181 1059 3232 inferri
1078 3181 1142 3232 fisco
1160 3181 1193 3230 ab
1212 3181 1244 3230 iis
1260 3181 1388 3244 jusserat,

291 3257 404 3319 annales,
421 3261 467 3306 sut
479 3257 681 3322 quinquennales
691 3257 818 3308 condona·
858 3257 901 3323 qui
919 3257 1064 3328 defunctos,
1087 3272 1195 3322 quorum
1213 3257 1333 3308 haeredes
1352 3258 1391 3308 iu·

290 3331 384 3395 tiones,
400 3333 489 3396 quales
500 3332 545 3382 slii
556 3333 659 3397 quidam
677 3333 819 3396 principes,
857 3333 942 3383 stituti
958 3340 1056 3396 essent,
1072 3334 1215 3398 propinquo
1226 3333 1389 3396 cognationis

289 3405 337 3456 scd
357 3412 512 3470 perpetuen
529 3415 559 3457 ut
576 3407 644 3459 illam
655 3408 690 3459 de
701 3408 818 3471 residuis,
860 3409 940 3472 gradu
951 3424 1001 3458 non
1012 3409 1183 3474 attingerent,
1201 3421 1329 3473 quamque
1341 3409 1388 3457 inr-

289 3495 365 3546 qusm
376 3495 436 3532 mox
447 3482 588 3546 subiungit.
859 3485 988 3534 minuerat
998 3485 1133 3549 Trajaoas,
1149 3498 1199 3534 non
1210 3485 1292 3546 legem
1303 3484 1388 3547 ipsam
1486 3519 1487 3522 ,

321 3563 332 3589 ⁶
349 3555 389 3606 De
399 3558 536 3607 condonatis
550 3558 649 3608 residuis
664 3558 818 3622 tributorem]
857 3560 1078 3624 arragonenses
1097 3560 1244 3623 molliendo,
1259 3567 1388 3610 etextrn·

289 3629 411 3682 Partibus
430 3632 461 3681 iis
473 3644 531 3696 quse
542 3633 634 3683 solute
646 3646 694 3683 non
708 3633 817 3684 fuerant.
858 3633 942 3684 dendo
950 3635 1110 3698 cognationis
1119 3633 1223 3698 gradus,
1231 3635 1276 3698 qni
1284 3647 1316 3684 es
1328 3635 1387 3698 lege

321 3703 333 3740 ἃ
349 3706 449 3757 Fecerat
461 3711 484 3756 et
495 3705 612 3767 Manu
628 3707 696 3771 olim]
714 3707 817 3758 Numis—
857 3723 908 3758 non
920 3714 1081 3772 tenerentur,
1099 3723 1130 3759 ao
1141 3717 1238 3760 certam
1250 3710 1388 3760 heredita·

288 3796 330 3832 ma
351 3782 472 3847 Traiani:
500 3795 621 3837 nemean
642 3797 752 3834 vernas
771 3798 817 3835 rus
857 3783 892 3835 tis
909 3800 1032 3835 summam
1051 3785 1207 3848 deliniendo,
1222 3783 1290 3835 inira
1308 3801 1387 3850 qaam

289 3869 386 3909 narrar
403 3871 479 3909 urm.
495 3871 624 3911 norrun.
857 3861 980 3912 vicesima
990 3875 1042 3912 non
1053 3861 1203 3912 deberetur.

320 3941 331 3969 ⁸
347 3935 403 3999 Sed,
417 3935 525 3999 partibus
534 3937 643 4003 retentu]
661 3936 704 3987 An
715 3937 815 4001 relique
887 3933 897 3969 ¹
911 3938 945 3986 Et
961 3938 1097 3988 Antoninus
1113 3936 1258 4000 indulserat]
1274 3938 1314 3986 Μ.
1332 3937 1386 3988 Au·

287 4009 374 4060 iatum
393 4017 479 4075 partes
499 4011 550 4062 diei
569 4019 676 4076 possunt
691 4020 816 4074 veterum,
854 4013 957 4064 toninus
974 4013 1153 4078 Philosophus.
1184 4012 1387 4076 Cspitolinnsln

288 4092 317 4135 nt
335 4086 452 4152 Scaliger
468 4087 608 4151 intelligit?
624 4088 715 4138 Malim
733 4095 814 4138 totam
854 4089 999 4152 ejnsVite:
1018 4089 1123 4152 ‘Leges
1142 4089 1222 4138 etism
1239 4087 1341 4139 addidit
1352 4090 1391 4142 de

287 4159 355 4209 lianc
371 4160 404 4210 de
419 4161 530 4224 Traiano
547 4163 632 4213 locum
648 4163 682 4213 de
693 4163 816 4214 vicesima
854 4164 978 4216 vicesima
992 4162 1190 4215 hereditatum?

288 4233 468 4286 hereditatum
487 4236 642 4302 intelligere,
664 4252 741 4303 qnam
761 4237 815 4289 Au·
886 4240 1047 4303 tSueeessor]
1064 4239 1217 4291 Commodus
1229 4238 1387 4304 Antoninus,
