<?xml version="1.0" encoding="UTF-8"?>
<!DOCTYPE html PUBLIC "-//W3C//DTD XHTML 1.0 Transitional//EN"
    "http://www.w3.org/TR/xhtml1/DTD/xhtml1-transitional.dtd">
<html xmlns="http://www.w3.org/1999/xhtml" xml:lang="en" lang="en">
 <head>
  <title>
</title>
<meta http-equiv="Content-Type" content="text/html;charset=utf-8" />
  <meta name='ocr-system' content='tesseract 3.04.00' />
  <meta name='ocr-capabilities' content='ocr_page ocr_carea ocr_par ocr_line ocrx_word'/>
</head>
<body>
  <div class='ocr_page' id='page_1' title='image "./dmagniausoniibu02ausogoog_0235.png"; bbox 0 0 3016 4894; ppageno 0'>
   <div class='ocr_carea' id='block_1_1' title="bbox 285 323 900 412">
    <p class='ocr_par' dir='ltr' id='par_1_1' title="bbox 285 323 900 412">
     <span class='ocr_line' id='line_1_1' title="bbox 285 323 900 412; baseline -0.015 0"><span class='ocrx_word' id='word_1_1' title='bbox 285 347 350 412; x_wconf 80' lang='lat'><strong>678</strong></span> <span class='ocrx_word' id='word_1_2' title='bbox 476 329 479 338; x_wconf 46' lang='lat'><strong>¹</strong></span> <span class='ocrx_word' id='word_1_3' title='bbox 502 323 504 330; x_wconf 40' lang='lat'>⁵</span> <span class='ocrx_word' id='word_1_4' title='bbox 745 357 900 408; x_wconf 77' lang='lat' dir='ltr'><strong>ausonii</strong></span> 
     </span>
    </p>
   </div>
   <div class='ocr_carea' id='block_1_2' title="bbox 287 494 1381 1486">
    <p class='ocr_par' dir='ltr' id='par_1_2' title="bbox 287 494 1220 584">
     <span class='ocr_line' id='line_1_2' title="bbox 287 494 1220 584; baseline -0.014 -14"><span class='ocrx_word' id='word_1_5' title='bbox 287 506 453 570; x_wconf 81' lang='lat' dir='ltr'><strong>Cornibus</strong></span> <span class='ocrx_word' id='word_1_6' title='bbox 468 522 489 566; x_wconf 98' lang='lat' dir='ltr'><strong>a</strong></span> <span class='ocrx_word' id='word_1_7' title='bbox 502 500 619 584; x_wconf 87' lang='lat' dir='ltr'><strong>primis</strong></span> <span class='ocrx_word' id='word_1_8' title='bbox 631 505 713 582; x_wconf 89' lang='lat' dir='ltr'><strong>quot</strong></span> <span class='ocrx_word' id='word_1_9' title='bbox 727 498 828 562; x_wconf 90' lang='lat' dir='ltr'><strong>habet</strong></span> <span class='ocrx_word' id='word_1_10' title='bbox 842 515 928 578; x_wconf 83' lang='lat' dir='ltr'><strong>vaga</strong></span> <span class='ocrx_word' id='word_1_11' title='bbox 942 494 1083 578; x_wconf 83' lang='lat' dir='ltr'><strong>Gyutbia</strong></span> <span class='ocrx_word' id='word_1_12' title='bbox 1097 499 1220 560; x_wconf 87' lang='lat' dir='ltr'><strong>noctes.</strong></span> 
     </span>
    </p>

    <p class='ocr_par' dir='ltr' id='par_1_3' title="bbox 289 595 1374 787">
     <span class='ocr_line' id='line_1_3' title="bbox 289 595 1374 686; baseline -0.01 -17"><span class='ocrx_word' id='word_1_13' title='bbox 289 605 429 686; x_wconf 83' lang='lat' dir='ltr'><strong>Singula</strong></span> <span class='ocrx_word' id='word_1_14' title='bbox 442 601 599 686; x_wconf 85' lang='lat' dir='ltr'><strong>percurrit</strong></span> <span class='ocrx_word' id='word_1_15' title='bbox 611 600 709 664; x_wconf 87' lang='lat' dir='ltr'><strong>Titan</strong></span> <span class='ocrx_word' id='word_1_16' title='bbox 724 605 807 682; x_wconf 87' lang='lat' dir='ltr'><strong>quot</strong></span> <span class='ocrx_word' id='word_1_17' title='bbox 821 599 915 679; x_wconf 85' lang='lat' dir='ltr'><strong>signa</strong></span> <span class='ocrx_word' id='word_1_18' title='bbox 928 596 1057 661; x_wconf 89' lang='lat' dir='ltr'><strong>diebus.</strong></span> <span class='ocrx_word' id='word_1_19' title='bbox 1331 595 1374 659; x_wconf 89' lang='lat'><strong>10</strong></span> 
     </span>
     <span class='ocr_line' id='line_1_4' title="bbox 291 696 1203 787; baseline -0.008 -20"><span class='ocrx_word' id='word_1_20' title='bbox 291 704 449 787; x_wconf 88' lang='lat' dir='ltr'><strong>Quotque</strong></span> <span class='ocrx_word' id='word_1_21' title='bbox 465 703 559 766; x_wconf 89' lang='lat' dir='ltr'><strong>annis</strong></span> <span class='ocrx_word' id='word_1_22' title='bbox 575 699 728 766; x_wconf 86' lang='lat' dir='ltr'><strong>sublimis</strong></span> <span class='ocrx_word' id='word_1_23' title='bbox 743 700 810 780; x_wconf 85' lang='lat' dir='ltr'><strong>agit</strong></span> <span class='ocrx_word' id='word_1_24' title='bbox 824 718 888 763; x_wconf 84' lang='lat' dir='ltr'><strong>sua</strong></span> <span class='ocrx_word' id='word_1_25' title='bbox 901 697 1027 762; x_wconf 64' lang='lat' dir='ltr'><strong>meula</strong></span> <span class='ocrx_word' id='word_1_26' title='bbox 1040 696 1203 762; x_wconf 83' lang='lat' dir='ltr'><strong>Phaenon.</strong></span> 
     </span>
    </p>

    <p class='ocr_par' dir='ltr' id='par_1_4' title="bbox 292 798 1163 985">
     <span class='ocr_line' id='line_1_5' title="bbox 292 798 1163 882; baseline -0.009 -14"><span class='ocrx_word' id='word_1_27' title='bbox 292 803 386 882; x_wconf 82' lang='lat' dir='ltr'><strong>Quot</strong></span> <span class='ocrx_word' id='word_1_28' title='bbox 400 821 533 868; x_wconf 89' lang='lat' dir='ltr'><strong>numero</strong></span> <span class='ocrx_word' id='word_1_29' title='bbox 547 819 706 866; x_wconf 89' lang='lat' dir='ltr'><strong>annorum</strong></span> <span class='ocrx_word' id='word_1_30' title='bbox 716 798 867 864; x_wconf 82' lang='lat' dir='ltr'><strong>Vestalis</strong></span> <span class='ocrx_word' id='word_1_31' title='bbox 881 799 974 880; x_wconf 83' lang='lat' dir='ltr'><strong>virgo</strong></span> <span class='ocrx_word' id='word_1_32' title='bbox 988 798 1163 864; x_wconf 74' lang='lat' dir='ltr'><strong>ministrat.</strong></span> 
     </span>
     <span class='ocr_line' id='line_1_6' title="bbox 294 897 1162 985; baseline -0.007 -17"><span class='ocrx_word' id='word_1_33' title='bbox 294 904 548 985; x_wconf 77' lang='lat' dir='ltr'><strong>Dardaniusque</strong></span> <span class='ocrx_word' id='word_1_34' title='bbox 563 919 667 982; x_wconf 91' lang='lat' dir='ltr'><strong>nepos</strong></span> <span class='ocrx_word' id='word_1_35' title='bbox 681 919 782 980; x_wconf 85' lang='lat' dir='ltr'><strong>regno</strong></span> <span class='ocrx_word' id='word_1_36' title='bbox 796 907 879 983; x_wconf 90' lang='lat' dir='ltr'><strong>quot</strong></span> <span class='ocrx_word' id='word_1_37' title='bbox 894 897 1033 982; x_wconf 88' lang='lat' dir='ltr'><strong>protulit</strong></span> <span class='ocrx_word' id='word_1_38' title='bbox 1047 917 1162 962; x_wconf 91' lang='lat' dir='ltr'><strong>annos.</strong></span> 
     </span>
    </p>

    <p class='ocr_par' dir='ltr' id='par_1_5' title="bbox 292 1000 1125 1084">
     <span class='ocr_line' id='line_1_7' title="bbox 292 1000 1125 1084; baseline -0.01 -14"><span class='ocrx_word' id='word_1_39' title='bbox 292 1004 470 1070; x_wconf 81' lang='lat' dir='ltr'><strong>Priamidae</strong></span> <span class='ocrx_word' id='word_1_40' title='bbox 485 1007 568 1084; x_wconf 88' lang='lat' dir='ltr'><strong>quot</strong></span> <span class='ocrx_word' id='word_1_41' title='bbox 581 1006 685 1077; x_wconf 85' lang='lat' dir='ltr'><strong>erant,</strong></span> <span class='ocrx_word' id='word_1_42' title='bbox 707 1001 738 1064; x_wconf 92' lang='lat' dir='ltr'><strong>si</strong></span> <span class='ocrx_word' id='word_1_43' title='bbox 751 1001 804 1065; x_wconf 92' lang='lat' dir='ltr'><strong>bis</strong></span> <span class='ocrx_word' id='word_1_44' title='bbox 819 1001 896 1064; x_wconf 92' lang='lat' dir='ltr'><strong>deni</strong></span> <span class='ocrx_word' id='word_1_45' title='bbox 911 1000 1125 1065; x_wconf 79' lang='lat' dir='ltr'><strong>retrahantur.</strong></span> 
     </span>
    </p>

    <p class='ocr_par' dir='ltr' id='par_1_6' title="bbox 294 1098 1381 1283">
     <span class='ocr_line' id='line_1_8' title="bbox 294 1098 1381 1186; baseline -0.006 -17"><span class='ocrx_word' id='word_1_46' title='bbox 294 1105 418 1186; x_wconf 83' lang='lat' dir='ltr'><strong>Bisque</strong></span> <span class='ocrx_word' id='word_1_47' title='bbox 433 1105 519 1166; x_wconf 88' lang='lat' dir='ltr'><strong>viros</strong></span> <span class='ocrx_word' id='word_1_48' title='bbox 535 1119 702 1177; x_wconf 87' lang='lat' dir='ltr'><strong>numeres,</strong></span> <span class='ocrx_word' id='word_1_49' title='bbox 724 1102 782 1185; x_wconf 90' lang='lat' dir='ltr'><strong>qui</strong></span> <span class='ocrx_word' id='word_1_50' title='bbox 796 1103 866 1166; x_wconf 88' lang='lat' dir='ltr'><strong>l&#39;ata</strong></span> <span class='ocrx_word' id='word_1_51' title='bbox 881 1099 1083 1183; x_wconf 81' lang='lat' dir='ltr'><strong>Amphrysia</strong></span> <span class='ocrx_word' id='word_1_52' title='bbox 1097 1105 1242 1164; x_wconf 77' lang='lat' dir='ltr'><strong>serrant.</strong></span> <span class='ocrx_word' id='word_1_53' title='bbox 1337 1098 1381 1164; x_wconf 79' lang='lat'><strong>15</strong></span> 
     </span>
     <span class='ocr_line' id='line_1_9' title="bbox 295 1200 1091 1283; baseline -0.004 -16"><span class='ocrx_word' id='word_1_54' title='bbox 295 1203 388 1281; x_wconf 87' lang='lat' dir='ltr'><strong>Quot</strong></span> <span class='ocrx_word' id='word_1_55' title='bbox 403 1203 516 1283; x_wconf 84' lang='lat' dir='ltr'><strong>genuit</strong></span> <span class='ocrx_word' id='word_1_56' title='bbox 531 1201 634 1266; x_wconf 86' lang='lat' dir='ltr'><strong>foetus</strong></span> <span class='ocrx_word' id='word_1_57' title='bbox 649 1200 784 1265; x_wconf 83' lang='lat' dir='ltr'><strong>Albana</strong></span> <span class='ocrx_word' id='word_1_58' title='bbox 798 1202 860 1265; x_wconf 90' lang='lat' dir='ltr'><strong>sub</strong></span> <span class='ocrx_word' id='word_1_59' title='bbox 874 1200 1009 1264; x_wconf 86' lang='lat' dir='ltr'><strong>ilicibus</strong></span> <span class='ocrx_word' id='word_1_60' title='bbox 1023 1218 1091 1264; x_wconf 89' lang='lat' dir='ltr'><strong>sus.</strong></span> 
     </span>
    </p>

    <p class='ocr_par' dir='ltr' id='par_1_7' title="bbox 295 1285 1068 1386">
     <span class='ocr_line' id='line_1_10' title="bbox 295 1285 1068 1386; baseline -0.005 -18"><span class='ocrx_word' id='word_1_61' title='bbox 295 1304 341 1368; x_wconf 90' lang='lat' dir='ltr'><strong>Et</strong></span> <span class='ocrx_word' id='word_1_62' title='bbox 355 1308 438 1386; x_wconf 93' lang='lat' dir='ltr'><strong>quot</strong></span> <span class='ocrx_word' id='word_1_63' title='bbox 452 1306 528 1365; x_wconf 93' lang='lat' dir='ltr'><strong>sunt</strong></span> <span class='ocrx_word' id='word_1_64' title='bbox 541 1319 645 1376; x_wconf 90' lang='lat' dir='ltr'><strong>asses,</strong></span> <span class='ocrx_word' id='word_1_65' title='bbox 661 1301 718 1364; x_wconf 90' lang='lat' dir='ltr'><strong>ubi</strong></span> <span class='ocrx_word' id='word_1_66' title='bbox 731 1285 907 1382; x_wconf 80' lang='lat' dir='ltr'><strong>nonaginta</strong></span> <span class='ocrx_word' id='word_1_67' title='bbox 920 1301 1068 1378; x_wconf 83' lang='lat' dir='ltr'><strong>trientes.</strong></span> 
     </span>
    </p>

    <p class='ocr_par' dir='ltr' id='par_1_8' title="bbox 295 1399 1186 1486">
     <span class='ocr_line' id='line_1_11' title="bbox 295 1399 1186 1486; baseline -0.006 -17"><span class='ocrx_word' id='word_1_68' title='bbox 295 1402 363 1468; x_wconf 88' lang='lat' dir='ltr'><strong>Vel</strong></span> <span class='ocrx_word' id='word_1_69' title='bbox 377 1408 460 1485; x_wconf 89' lang='lat' dir='ltr'><strong>quot</strong></span> <span class='ocrx_word' id='word_1_70' title='bbox 472 1401 574 1465; x_wconf 91' lang='lat' dir='ltr'><strong>habet</strong></span> <span class='ocrx_word' id='word_1_71' title='bbox 588 1402 719 1486; x_wconf 87' lang='lat' dir='ltr'><strong>junctos</strong></span> <span class='ocrx_word' id='word_1_72' title='bbox 734 1401 897 1466; x_wconf 84' lang='lat' dir='ltr'><strong>Vasatica</strong></span> <span class='ocrx_word' id='word_1_73' title='bbox 909 1401 1011 1466; x_wconf 87' lang='lat' dir='ltr'><strong>rheda</strong></span> <span class='ocrx_word' id='word_1_74' title='bbox 1026 1399 1186 1466; x_wconf 86' lang='lat' dir='ltr'><strong>caballos.</strong></span> 
     </span>
    </p>
   </div>
   <div class='ocr_carea' id='block_1_3' title="bbox 295 1575 1389 2024">
    <p class='ocr_par' dir='ltr' id='par_1_9' title="bbox 295 1575 1389 2024">
     <span class='ocr_line' id='line_1_12' title="bbox 297 1575 1384 1641; baseline 0.004 -15"><span class='ocrx_word' id='word_1_75' title='bbox 297 1577 392 1626; x_wconf 82' lang='lat' dir='ltr'><strong>rudioris</strong></span> <span class='ocrx_word' id='word_1_76' title='bbox 413 1575 513 1638; x_wconf 83' lang='lat' dir='ltr'><strong>attingit</strong></span> <span class='ocrx_word' id='word_1_77' title='bbox 536 1589 623 1624; x_wconf 74' lang='lat' dir='ltr'><strong>memes</strong></span> <span class='ocrx_word' id='word_1_78' title='bbox 639 1575 703 1639; x_wconf 78' lang='lat' dir='ltr'><strong>filice</strong></span> <span class='ocrx_word' id='word_1_79' title='bbox 721 1575 792 1624; x_wconf 85' lang='lat' dir='ltr'><strong>AEoli.</strong></span> <span class='ocrx_word' id='word_1_80' title='bbox 827 1575 891 1632; x_wconf 78' lang='lat' dir='ltr'><strong>Quot</strong></span> <span class='ocrx_word' id='word_1_81' title='bbox 906 1575 975 1626; x_wconf 76' lang='lat' dir='ltr'><strong>Lanu</strong></span> <span class='ocrx_word' id='word_1_82' title='bbox 992 1591 1080 1638; x_wconf 76' lang='lat' dir='ltr'><strong>nugam</strong></span> <span class='ocrx_word' id='word_1_83' title='bbox 1093 1577 1162 1626; x_wconf 79' lang='lat' dir='ltr'><strong>iubet</strong></span> <span class='ocrx_word' id='word_1_84' title='bbox 1177 1582 1255 1628; x_wconf 79' lang='lat' dir='ltr'><strong>noctes</strong></span> <span class='ocrx_word' id='word_1_85' title='bbox 1270 1579 1384 1641; x_wconf 77' lang='lat' dir='ltr'><strong>oprinrr&#39;s</strong></span> 
     </span>
     <span class='ocr_line' id='line_1_13' title="bbox 296 1639 1385 1704; baseline 0.005 -16"><span class='ocrx_word' id='word_1_86' title='bbox 296 1643 345 1689; x_wconf 85' lang='lat' dir='ltr'><strong>suis</strong></span> <span class='ocrx_word' id='word_1_87' title='bbox 364 1641 471 1689; x_wconf 84' lang='lat' dir='ltr'><strong>cornibus</strong></span> <span class='ocrx_word' id='word_1_88' title='bbox 492 1641 522 1688; x_wconf 91' lang='lat' dir='ltr'><strong>ud</strong></span> <span class='ocrx_word' id='word_1_89' title='bbox 539 1640 682 1687; x_wconf 72' lang='lat' dir='ltr'><strong>novilunium</strong></span> <span class='ocrx_word' id='word_1_90' title='bbox 691 1639 833 1702; x_wconf 78' lang='lat' dir='ltr'><strong>proximum.</strong></span> <span class='ocrx_word' id='word_1_91' title='bbox 869 1640 932 1695; x_wconf 81' lang='lat' dir='ltr'><strong>Quot</strong></span> <span class='ocrx_word' id='word_1_92' title='bbox 942 1641 992 1690; x_wconf 88' lang='lat' dir='ltr'><strong>dies</strong></span> <span class='ocrx_word' id='word_1_93' title='bbox 1002 1640 1043 1688; x_wconf 82' lang='lat' dir='ltr'><strong>Sol</strong></span> <span class='ocrx_word' id='word_1_94' title='bbox 1053 1640 1147 1690; x_wconf 67' lang='lat' dir='ltr'><strong>innuit</strong></span> <span class='ocrx_word' id='word_1_95' title='bbox 1158 1643 1319 1704; x_wconf 75' lang='lat' dir='ltr'><strong>percurrendis</strong></span> <span class='ocrx_word' id='word_1_96' title='bbox 1334 1643 1385 1693; x_wconf 79' lang='lat' dir='ltr'><strong>eis·</strong></span> 
     </span>
     <span class='ocr_line' id='line_1_14' title="bbox 295 1703 1384 1768; baseline 0.003 -16"><span class='ocrx_word' id='word_1_97' title='bbox 295 1705 359 1766; x_wconf 83' lang='lat' dir='ltr'><strong>gulis</strong></span> <span class='ocrx_word' id='word_1_98' title='bbox 372 1704 455 1764; x_wconf 79' lang='lat' dir='ltr'><strong>siguis.</strong></span> <span class='ocrx_word' id='word_1_99' title='bbox 488 1703 775 1764; x_wconf 76' lang='lat' dir='ltr'><strong>Eiquotonnisexcelsus</strong></span> <span class='ocrx_word' id='word_1_100' title='bbox 794 1703 911 1752; x_wconf 69' lang='lat' dir='ltr'><strong>&amp;turnus</strong></span> <span class='ocrx_word' id='word_1_101' title='bbox 928 1719 969 1752; x_wconf 82' lang='lat' dir='ltr'><strong>oon</strong></span> <span class='ocrx_word' id='word_1_102' title='bbox 1004 1703 1010 1716; x_wconf 78' lang='lat'>⁸</span> <span class='ocrx_word' id='word_1_103' title='bbox 1037 1719 1090 1753; x_wconf 77' lang='lat' dir='ltr'><strong>snos</strong></span> <span class='ocrx_word' id='word_1_104' title='bbox 1105 1705 1224 1756; x_wconf 80' lang='lat' dir='ltr'><strong>eirnritus.</strong></span> <span class='ocrx_word' id='word_1_105' title='bbox 1260 1707 1307 1754; x_wconf 86' lang='lat' dir='ltr'><strong>Per</strong></span> <span class='ocrx_word' id='word_1_106' title='bbox 1326 1712 1384 1768; x_wconf 81' lang='lat' dir='ltr'><strong>qaot</strong></span> 
     </span>
     <span class='ocr_line' id='line_1_15' title="bbox 298 1767 1385 1832; baseline 0.004 -16"><span class='ocrx_word' id='word_1_107' title='bbox 298 1783 371 1816; x_wconf 85' lang='lat' dir='ltr'><strong>onnus</strong></span> <span class='ocrx_word' id='word_1_108' title='bbox 387 1768 462 1828; x_wconf 84' lang='lat' dir='ltr'><strong>Virgo</strong></span> <span class='ocrx_word' id='word_1_109' title='bbox 477 1767 576 1815; x_wconf 78' lang='lat' dir='ltr'><strong>Vestalis</strong></span> <span class='ocrx_word' id='word_1_110' title='bbox 585 1767 714 1816; x_wconf 74' lang='lat' dir='ltr'><strong>ministrat.</strong></span> <span class='ocrx_word' id='word_1_111' title='bbox 731 1767 949 1832; x_wconf 81' lang='lat' dir='ltr'><strong>Quotunnisnepos</strong></span> <span class='ocrx_word' id='word_1_112' title='bbox 986 1768 1385 1830; x_wconf 73' lang='lat' dir='ltr'><strong>ordoniproduuitsuuunregaurn.</strong></span> 
     </span>
     <span class='ocr_line' id='line_1_16' title="bbox 300 1829 1389 1896; baseline 0.004 -18"><span class='ocrx_word' id='word_1_113' title='bbox 300 1833 363 1886; x_wconf 86' lang='lat' dir='ltr'><strong>Quot</strong></span> <span class='ocrx_word' id='word_1_114' title='bbox 374 1837 441 1879; x_wconf 83' lang='lat' dir='ltr'><strong>erunt</strong></span> <span class='ocrx_word' id='word_1_115' title='bbox 451 1832 502 1880; x_wconf 87' lang='lat' dir='ltr'><strong>noti</strong></span> <span class='ocrx_word' id='word_1_116' title='bbox 513 1829 617 1889; x_wconf 80' lang='lat' dir='ltr'><strong>Priami,</strong></span> <span class='ocrx_word' id='word_1_117' title='bbox 627 1831 650 1878; x_wconf 88' lang='lat' dir='ltr'><strong>si</strong></span> <span class='ocrx_word' id='word_1_118' title='bbox 660 1831 738 1878; x_wconf 81' lang='lat' dir='ltr'><strong>demus</strong></span> <span class='ocrx_word' id='word_1_119' title='bbox 748 1830 846 1891; x_wconf 82' lang='lat' dir='ltr'><strong>uiginti.</strong></span> <span class='ocrx_word' id='word_1_120' title='bbox 882 1831 915 1880; x_wconf 81' lang='lat' dir='ltr'><strong>Et</strong></span> <span class='ocrx_word' id='word_1_121' title='bbox 925 1836 980 1893; x_wconf 75' lang='lat' dir='ltr'><strong>quor</strong></span> <span class='ocrx_word' id='word_1_122' title='bbox 990 1833 1038 1880; x_wconf 79' lang='lat' dir='ltr'><strong>riri</strong></span> <span class='ocrx_word' id='word_1_123' title='bbox 1048 1833 1181 1881; x_wconf 79' lang='lat' dir='ltr'><strong>custodiunt</strong></span> <span class='ocrx_word' id='word_1_124' title='bbox 1192 1831 1248 1892; x_wconf 79' lang='lat' dir='ltr'><strong>futu</strong></span> <span class='ocrx_word' id='word_1_125' title='bbox 1257 1832 1389 1896; x_wconf 77' lang='lat' dir='ltr'><strong>Sibyllino,</strong></span> 
     </span>
     <span class='ocr_line' id='line_1_17' title="bbox 298 1893 1388 1958; baseline 0.003 -15"><span class='ocrx_word' id='word_1_126' title='bbox 298 1896 368 1943; x_wconf 80' lang='lat' dir='ltr'><strong>nicos</strong></span> <span class='ocrx_word' id='word_1_127' title='bbox 379 1894 414 1943; x_wconf 85' lang='lat' dir='ltr'><strong>bis</strong></span> <span class='ocrx_word' id='word_1_128' title='bbox 425 1908 538 1944; x_wconf 76' lang='lat' dir='ltr'><strong>nunteres.</strong></span> <span class='ocrx_word' id='word_1_129' title='bbox 574 1893 637 1948; x_wconf 87' lang='lat' dir='ltr'><strong>Quot</strong></span> <span class='ocrx_word' id='word_1_130' title='bbox 646 1898 713 1942; x_wconf 86' lang='lat' dir='ltr'><strong>notor</strong></span> <span class='ocrx_word' id='word_1_131' title='bbox 722 1894 852 1956; x_wconf 79' lang='lat' dir='ltr'><strong>procreauit</strong></span> <span class='ocrx_word' id='word_1_132' title='bbox 862 1909 903 1942; x_wconf 85' lang='lat' dir='ltr'><strong>sus</strong></span> <span class='ocrx_word' id='word_1_133' title='bbox 913 1894 1007 1943; x_wconf 84' lang='lat' dir='ltr'><strong>inuento</strong></span> <span class='ocrx_word' id='word_1_134' title='bbox 1017 1895 1060 1944; x_wconf 83' lang='lat' dir='ltr'><strong>nub</strong></span> <span class='ocrx_word' id='word_1_135' title='bbox 1071 1895 1172 1958; x_wconf 75' lang='lat' dir='ltr'><strong>ilicilm,</strong></span> <span class='ocrx_word' id='word_1_136' title='bbox 1182 1897 1224 1945; x_wconf 83' lang='lat' dir='ltr'><strong>uti</strong></span> <span class='ocrx_word' id='word_1_137' title='bbox 1234 1896 1296 1946; x_wconf 79' lang='lat' dir='ltr'><strong>Albo</strong></span> <span class='ocrx_word' id='word_1_138' title='bbox 1303 1901 1388 1958; x_wconf 83' lang='lat' dir='ltr'><strong>postea</strong></span> 
     </span>
     <span class='ocr_line' id='line_1_18' title="bbox 298 1957 1386 2024; baseline 0.002 -16"><span class='ocrx_word' id='word_1_139' title='bbox 298 1959 393 2008; x_wconf 81' lang='lat' dir='ltr'><strong>condita</strong></span> <span class='ocrx_word' id='word_1_140' title='bbox 402 1963 447 2008; x_wconf 87' lang='lat' dir='ltr'><strong>est.</strong></span> <span class='ocrx_word' id='word_1_141' title='bbox 480 1959 515 2006; x_wconf 86' lang='lat' dir='ltr'><strong>Et</strong></span> <span class='ocrx_word' id='word_1_142' title='bbox 525 1961 580 2020; x_wconf 87' lang='lat' dir='ltr'><strong>quot</strong></span> <span class='ocrx_word' id='word_1_143' title='bbox 589 1961 644 2005; x_wconf 88' lang='lat' dir='ltr'><strong>sunt</strong></span> <span class='ocrx_word' id='word_1_144' title='bbox 654 1971 724 2020; x_wconf 83' lang='lat' dir='ltr'><strong>aues,</strong></span> <span class='ocrx_word' id='word_1_145' title='bbox 736 1959 825 2020; x_wconf 81' lang='lat' dir='ltr'><strong>qnando</strong></span> <span class='ocrx_word' id='word_1_146' title='bbox 838 1964 895 2007; x_wconf 79' lang='lat' dir='ltr'><strong>snat</strong></span> <span class='ocrx_word' id='word_1_147' title='bbox 908 1957 1039 2022; x_wconf 78' lang='lat' dir='ltr'><strong>nonuginto</strong></span> <span class='ocrx_word' id='word_1_148' title='bbox 1055 1960 1161 2010; x_wconf 82' lang='lat' dir='ltr'><strong>trientes.</strong></span> <span class='ocrx_word' id='word_1_149' title='bbox 1197 1959 1240 2010; x_wconf 85' lang='lat' dir='ltr'><strong>Vel</strong></span> <span class='ocrx_word' id='word_1_150' title='bbox 1258 1964 1314 2024; x_wconf 81' lang='lat' dir='ltr'><strong>quot</strong></span> <span class='ocrx_word' id='word_1_151' title='bbox 1331 1961 1386 2024; x_wconf 78' lang='lat' dir='ltr'><strong>equi</strong></span> 
     </span>
    </p>
   </div>
   <div class='ocr_carea' id='block_1_4' title="bbox 791 2097 896 2148">
    <p class='ocr_par' dir='ltr' id='par_1_10' title="bbox 791 2097 896 2148">
     <span class='ocr_line' id='line_1_19' title="bbox 791 2097 896 2148; baseline -0.019 0"><span class='ocrx_word' id='word_1_152' title='bbox 791 2097 896 2148; x_wconf 78' lang='lat' dir='ltr'><strong>NO&#39;l&#39;AE</strong></span> 
     </span>
    </p>
   </div>
   <div class='ocr_carea' id='block_1_5' title="bbox 294 2193 1399 3083">
    <p class='ocr_par' dir='ltr' id='par_1_11' title="bbox 301 2193 1393 2560">
     <span class='ocr_line' id='line_1_20' title="bbox 332 2193 1391 2259; baseline -0.002 -13"><span class='ocrx_word' id='word_1_153' title='bbox 332 2203 349 2246; x_wconf 83' lang='grc'>9</span> <span class='ocrx_word' id='word_1_154' title='bbox 367 2195 506 2246; x_wconf 81' lang='lat' dir='ltr'><strong>Cornibuso</strong></span> <span class='ocrx_word' id='word_1_155' title='bbox 514 2193 610 2258; x_wconf 64' lang='lat' dir='ltr'><strong>pronis]</strong></span> <span class='ocrx_word' id='word_1_156' title='bbox 626 2195 685 2245; x_wconf 87' lang='lat' dir='ltr'><strong>lloc</strong></span> <span class='ocrx_word' id='word_1_157' title='bbox 694 2203 745 2258; x_wconf 85' lang='lat' dir='ltr'><strong>est,</strong></span> <span class='ocrx_word' id='word_1_158' title='bbox 755 2210 770 2243; x_wconf 86' lang='lat' dir='ltr'><strong>a</strong></span> <span class='ocrx_word' id='word_1_159' title='bbox 780 2209 824 2245; x_wconf 93' lang='lat' dir='ltr'><strong>no·</strong></span> <span class='ocrx_word' id='word_1_160' title='bbox 863 2194 944 2244; x_wconf 87' lang='lat' dir='ltr'><strong>liasre</strong></span> <span class='ocrx_word' id='word_1_161' title='bbox 955 2193 1076 2258; x_wconf 83' lang='lat' dir='ltr'><strong>Hyginus</strong></span> <span class='ocrx_word' id='word_1_162' title='bbox 1087 2194 1179 2245; x_wconf 86' lang='lat' dir='ltr'><strong>tribuit</strong></span> <span class='ocrx_word' id='word_1_163' title='bbox 1186 2200 1296 2259; x_wconf 80' lang='lat' dir='ltr'><strong>quatuor</strong></span> <span class='ocrx_word' id='word_1_164' title='bbox 1312 2209 1391 2257; x_wconf 85' lang='lat' dir='ltr'><strong>supra</strong></span> 
     </span>
     <span class='ocr_line' id='line_1_21' title="bbox 301 2270 1392 2335; baseline 0 -15"><span class='ocrx_word' id='word_1_165' title='bbox 301 2273 407 2321; x_wconf 85' lang='lat' dir='ltr'><strong>riluuio.</strong></span> <span class='ocrx_word' id='word_1_166' title='bbox 864 2271 1057 2335; x_wconf 83' lang='lat' dir='ltr'><strong>quinquaginta.</strong></span> <span class='ocrx_word' id='word_1_167' title='bbox 1094 2270 1158 2320; x_wconf 81' lang='lat' dir='ltr'><strong>Cum</strong></span> <span class='ocrx_word' id='word_1_168' title='bbox 1185 2277 1271 2320; x_wconf 79' lang='lat' dir='ltr'><strong>nutem</strong></span> <span class='ocrx_word' id='word_1_169' title='bbox 1297 2271 1392 2333; x_wconf 75' lang='lat' dir='ltr'><strong>Virgil.</strong></span> 
     </span>
     <span class='ocr_line' id='line_1_22' title="bbox 306 2342 1392 2408; baseline 0.002 -13"><span class='ocrx_word' id='word_1_170' title='bbox 306 2389 310 2396; x_wconf 91' lang='lat'><strong>.</strong></span> <span class='ocrx_word' id='word_1_171' title='bbox 335 2347 400 2401; x_wconf 85' lang='lat' dir='ltr'><strong>Quot</strong></span> <span class='ocrx_word' id='word_1_172' title='bbox 418 2343 499 2408; x_wconf 74' lang='lat' dir='ltr'><strong>iubet]</strong></span> <span class='ocrx_word' id='word_1_173' title='bbox 523 2342 622 2407; x_wconf 79' lang='lat' dir='ltr'><strong>supple</strong></span> <span class='ocrx_word' id='word_1_174' title='bbox 648 2342 681 2391; x_wconf 82' lang='lat' dir='ltr'><strong>ad</strong></span> <span class='ocrx_word' id='word_1_175' title='bbox 708 2349 825 2394; x_wconf 81' lang='lat' dir='ltr'><strong>extrema</strong></span> <span class='ocrx_word' id='word_1_176' title='bbox 865 2343 956 2394; x_wconf 86' lang='lat' dir='ltr'><strong>eodem</strong></span> <span class='ocrx_word' id='word_1_177' title='bbox 983 2346 1039 2396; x_wconf 89' lang='lat' dir='ltr'><strong>loco</strong></span> <span class='ocrx_word' id='word_1_178' title='bbox 1069 2345 1120 2397; x_wconf 80' lang='lat' dir='ltr'><strong>altr</strong></span> <span class='ocrx_word' id='word_1_179' title='bbox 1146 2345 1226 2396; x_wconf 86' lang='lat' dir='ltr'><strong>‘Vidi</strong></span> <span class='ocrx_word' id='word_1_180' title='bbox 1240 2345 1392 2398; x_wconf 78' lang='lat' dir='ltr'><strong>&#39;Hecubam</strong></span> 
     </span>
     <span class='ocr_line' id='line_1_23' title="bbox 302 2418 1392 2484; baseline 0.001 -15"><span class='ocrx_word' id='word_1_181' title='bbox 302 2435 407 2483; x_wconf 82' lang='lat' dir='ltr'><strong>cornua,</strong></span> <span class='ocrx_word' id='word_1_182' title='bbox 423 2420 476 2469; x_wconf 84' lang='lat' dir='ltr'><strong>sive</strong></span> <span class='ocrx_word' id='word_1_183' title='bbox 488 2419 519 2468; x_wconf 92' lang='lat' dir='ltr'><strong>ad</strong></span> <span class='ocrx_word' id='word_1_184' title='bbox 532 2418 582 2468; x_wconf 85' lang='lat' dir='ltr'><strong>alia</strong></span> <span class='ocrx_word' id='word_1_185' title='bbox 592 2432 668 2482; x_wconf 85' lang='lat' dir='ltr'><strong>nora,</strong></span> <span class='ocrx_word' id='word_1_186' title='bbox 683 2419 825 2482; x_wconf 83' lang='lat' dir='ltr'><strong>proximum</strong></span> <span class='ocrx_word' id='word_1_187' title='bbox 865 2425 1021 2484; x_wconf 79' lang='lat' dir='ltr'><strong>centumque</strong></span> <span class='ocrx_word' id='word_1_188' title='bbox 1034 2419 1128 2483; x_wconf 90' lang='lat' dir='ltr'><strong>nurus,&#39;</strong></span> <span class='ocrx_word' id='word_1_189' title='bbox 1147 2434 1279 2470; x_wconf 81' lang='lat' dir='ltr'><strong>numerum</strong></span> <span class='ocrx_word' id='word_1_190' title='bbox 1289 2426 1392 2470; x_wconf 85' lang='lat' dir='ltr'><strong>certum</strong></span> 
     </span>
     <span class='ocr_line' id='line_1_24' title="bbox 302 2494 1393 2560; baseline -0.002 -15"><span class='ocrx_word' id='word_1_191' title='bbox 302 2496 406 2545; x_wconf 83' lang='lat' dir='ltr'><strong>scilieet</strong></span> <span class='ocrx_word' id='word_1_192' title='bbox 415 2494 581 2544; x_wconf 87' lang='lat' dir='ltr'><strong>novilunium.</strong></span> <span class='ocrx_word' id='word_1_193' title='bbox 867 2499 895 2544; x_wconf 89' lang='lat' dir='ltr'><strong>et</strong></span> <span class='ocrx_word' id='word_1_194' title='bbox 916 2494 1039 2558; x_wconf 83' lang='lat' dir='ltr'><strong>majorem</strong></span> <span class='ocrx_word' id='word_1_195' title='bbox 1060 2509 1109 2560; x_wconf 88' lang='lat' dir='ltr'><strong>pro</strong></span> <span class='ocrx_word' id='word_1_196' title='bbox 1128 2495 1227 2548; x_wconf 84' lang='lat' dir='ltr'><strong>incerto</strong></span> <span class='ocrx_word' id='word_1_197' title='bbox 1252 2501 1281 2546; x_wconf 89' lang='lat' dir='ltr'><strong>et</strong></span> <span class='ocrx_word' id='word_1_198' title='bbox 1297 2494 1393 2546; x_wconf 86' lang='lat' dir='ltr'><strong>minori</strong></span> 
     </span>
    </p>

    <p class='ocr_par' dir='ltr' id='par_1_12' title="bbox 336 2569 950 2632">
     <span class='ocr_line' id='line_1_25' title="bbox 336 2569 950 2632; baseline 0 -14"><span class='ocrx_word' id='word_1_199' title='bbox 336 2574 366 2618; x_wconf 87' lang='lat' dir='ltr'><strong>ll</strong></span> <span class='ocrx_word' id='word_1_200' title='bbox 386 2570 500 2632; x_wconf 74' lang='lat' dir='ltr'><strong>Pieros]</strong></span> <span class='ocrx_word' id='word_1_201' title='bbox 525 2570 568 2618; x_wconf 82' lang='lat' dir='ltr'><strong>Sic</strong></span> <span class='ocrx_word' id='word_1_202' title='bbox 590 2569 695 2618; x_wconf 80' lang='lat' dir='ltr'><strong>Saturni</strong></span> <span class='ocrx_word' id='word_1_203' title='bbox 717 2570 828 2618; x_wconf 83' lang='lat' dir='ltr'><strong>stellsa</strong></span> <span class='ocrx_word' id='word_1_204' title='bbox 867 2569 950 2631; x_wconf 87' lang='lat' dir='ltr'><strong>pouit.</strong></span> 
     </span>
    </p>

    <p class='ocr_par' dir='ltr' id='par_1_13' title="bbox 294 2643 1398 2857">
     <span class='ocr_line' id='line_1_26' title="bbox 294 2643 1393 2709; baseline -0.004 -10"><span class='ocrx_word' id='word_1_205' title='bbox 294 2643 402 2699; x_wconf 67' lang='lat' dir='ltr'><strong>,omen</strong></span> <span class='ocrx_word' id='word_1_206' title='bbox 413 2647 568 2708; x_wconf 79' lang='lat' dir='ltr'><strong>appellatur,</strong></span> <span class='ocrx_word' id='word_1_207' title='bbox 583 2645 640 2693; x_wconf 78' lang='lat' dir='ltr'><strong>bac</strong></span> <span class='ocrx_word' id='word_1_208' title='bbox 652 2652 738 2694; x_wconf 82' lang='lat' dir='ltr'><strong>auteur</strong></span> <span class='ocrx_word' id='word_1_209' title='bbox 755 2645 828 2694; x_wconf 82' lang='lat' dir='ltr'><strong>anuis</strong></span> <span class='ocrx_word' id='word_1_210' title='bbox 901 2650 930 2695; x_wconf 77' lang='lat' dir='ltr'><strong>lt</strong></span> <span class='ocrx_word' id='word_1_211' title='bbox 949 2645 1039 2707; x_wconf 81' lang='lat' dir='ltr'><strong>Bisque</strong></span> <span class='ocrx_word' id='word_1_212' title='bbox 1059 2645 1131 2707; x_wconf 81' lang='lat' dir='ltr'><strong>uiros,</strong></span> <span class='ocrx_word' id='word_1_213' title='bbox 1149 2649 1189 2708; x_wconf 70' lang='lat' dir='ltr'><strong>iso.</strong></span> <span class='ocrx_word' id='word_1_214' title='bbox 1207 2645 1248 2709; x_wconf 87' lang='lat' dir='ltr'><strong>qui</strong></span> <span class='ocrx_word' id='word_1_215' title='bbox 1260 2645 1319 2706; x_wconf 77' lang='lat' dir='ltr'><strong>soto</strong></span> <span class='ocrx_word' id='word_1_216' title='bbox 1333 2644 1393 2696; x_wconf 77' lang='lat' dir='ltr'><strong>Arn-</strong></span> 
     </span>
     <span class='ocr_line' id='line_1_27' title="bbox 304 2718 1396 2784; baseline -0.002 -13"><span class='ocrx_word' id='word_1_217' title='bbox 304 2721 410 2772; x_wconf 86' lang='lat' dir='ltr'><strong>circiter</strong></span> <span class='ocrx_word' id='word_1_218' title='bbox 422 2720 528 2784; x_wconf 84' lang='lat' dir='ltr'><strong>triginta</strong></span> <span class='ocrx_word' id='word_1_219' title='bbox 538 2719 633 2769; x_wconf 87' lang='lat' dir='ltr'><strong>dicitur</strong></span> <span class='ocrx_word' id='word_1_220' title='bbox 644 2733 745 2768; x_wconf 75' lang='lat' dir='ltr'><strong>cornuin</strong></span> <span class='ocrx_word' id='word_1_221' title='bbox 757 2725 828 2770; x_wconf 86' lang='lat' dir='ltr'><strong>suum</strong></span> <span class='ocrx_word' id='word_1_222' title='bbox 867 2719 965 2782; x_wconf 77' lang='lat' dir='ltr'><strong>plrusio</strong></span> <span class='ocrx_word' id='word_1_223' title='bbox 985 2719 1092 2782; x_wconf 77' lang='lat' dir='ltr'><strong>renuunt]</strong></span> <span class='ocrx_word' id='word_1_224' title='bbox 1107 2718 1260 2772; x_wconf 77' lang='lat' dir='ltr'><strong>Quindecim</strong></span> <span class='ocrx_word' id='word_1_225' title='bbox 1278 2721 1347 2769; x_wconf 84' lang='lat' dir='ltr'><strong>viros</strong></span> <span class='ocrx_word' id='word_1_226' title='bbox 1366 2721 1396 2769; x_wconf 88' lang='lat' dir='ltr'><strong>li·</strong></span> 
     </span>
     <span class='ocr_line' id='line_1_28' title="bbox 305 2793 1398 2857; baseline -0.002 -11"><span class='ocrx_word' id='word_1_227' title='bbox 305 2795 441 2846; x_wconf 85' lang='lat' dir='ltr'><strong>conficere.</strong></span> <span class='ocrx_word' id='word_1_228' title='bbox 870 2793 922 2845; x_wconf 87' lang='lat' dir='ltr'><strong>bris</strong></span> <span class='ocrx_word' id='word_1_229' title='bbox 934 2793 1065 2856; x_wconf 79' lang='lat' dir='ltr'><strong>Sibyllinis</strong></span> <span class='ocrx_word' id='word_1_230' title='bbox 1077 2794 1250 2857; x_wconf 80' lang='lat' dir='ltr'><strong>inspiciendis.</strong></span> <span class='ocrx_word' id='word_1_231' title='bbox 1283 2793 1398 2845; x_wconf 70' lang='lat' dir='ltr'><strong>Abitur-</strong></span> 
     </span>
    </p>

    <p class='ocr_par' dir='ltr' id='par_1_14' title="bbox 305 2868 1399 3083">
     <span class='ocr_line' id='line_1_29' title="bbox 339 2868 1397 2935; baseline 0 -15"><span class='ocrx_word' id='word_1_232' title='bbox 339 2874 370 2920; x_wconf 80' lang='lat'><strong>12</strong></span> <span class='ocrx_word' id='word_1_233' title='bbox 387 2872 451 2927; x_wconf 79' lang='lat' dir='ltr'><strong>Quot</strong></span> <span class='ocrx_word' id='word_1_234' title='bbox 476 2885 570 2920; x_wconf 64' lang='lat' dir='ltr'><strong>numero</strong></span> <span class='ocrx_word' id='word_1_235' title='bbox 594 2885 708 2920; x_wconf 78' lang='lat' dir='ltr'><strong>rarorum</strong></span> <span class='ocrx_word' id='word_1_236' title='bbox 729 2869 831 2920; x_wconf 74' lang='lat' dir='ltr'><strong>Vestalis</strong></span> <span class='ocrx_word' id='word_1_237' title='bbox 870 2869 1110 2932; x_wconf 82' lang='lat' dir='ltr'><strong>pirryso&#39;l&#39;lreseulire</strong></span> <span class='ocrx_word' id='word_1_238' title='bbox 1121 2868 1207 2931; x_wconf 85' lang='lat' dir='ltr'><strong>durio,</strong></span> <span class='ocrx_word' id='word_1_239' title='bbox 1223 2883 1303 2935; x_wconf 86' lang='lat' dir='ltr'><strong>prope</strong></span> <span class='ocrx_word' id='word_1_240' title='bbox 1317 2885 1397 2934; x_wconf 88' lang='lat' dir='ltr'><strong>quem</strong></span> 
     </span>
     <span class='ocr_line' id='line_1_30' title="bbox 305 2943 1399 3009; baseline -0.001 -13"><span class='ocrx_word' id='word_1_241' title='bbox 305 2945 513 3008; x_wconf 75' lang='lat' dir='ltr'><strong>ninguntinistrut]</strong></span> <span class='ocrx_word' id='word_1_242' title='bbox 530 2946 570 2996; x_wconf 80' lang='lat' dir='ltr'><strong>lix</strong></span> <span class='ocrx_word' id='word_1_243' title='bbox 581 2945 687 3009; x_wconf 80' lang='lat' dir='ltr'><strong>Dionys.</strong></span> <span class='ocrx_word' id='word_1_244' title='bbox 697 2943 830 2994; x_wconf 87' lang='lat' dir='ltr'><strong>Halicarn.</strong></span> <span class='ocrx_word' id='word_1_245' title='bbox 870 2943 976 2993; x_wconf 82' lang='lat' dir='ltr'><strong>Admeti</strong></span> <span class='ocrx_word' id='word_1_246' title='bbox 998 2943 1085 3004; x_wconf 87' lang='lat' dir='ltr'><strong>boves,</strong></span> <span class='ocrx_word' id='word_1_247' title='bbox 1109 2945 1233 3007; x_wconf 81' lang='lat' dir='ltr'><strong>spoliatus</strong></span> <span class='ocrx_word' id='word_1_248' title='bbox 1259 2945 1399 2996; x_wconf 86' lang='lat' dir='ltr'><strong>divinitate</strong></span> 
     </span>
     <span class='ocr_line' id='line_1_31' title="bbox 305 3017 1399 3083; baseline -0.003 -10"><span class='ocrx_word' id='word_1_249' title='bbox 305 3022 324 3073; x_wconf 88' lang='lat'><strong>1.</strong></span> <span class='ocrx_word' id='word_1_250' title='bbox 340 3036 372 3072; x_wconf 84' lang='lat' dir='ltr'><strong>rr.</strong></span> <span class='ocrx_word' id='word_1_251' title='bbox 388 3022 505 3071; x_wconf 85' lang='lat' dir='ltr'><strong>Vestales</strong></span> <span class='ocrx_word' id='word_1_252' title='bbox 526 3021 616 3071; x_wconf 82' lang='lat' dir='ltr'><strong>decent</strong></span> <span class='ocrx_word' id='word_1_253' title='bbox 644 3020 732 3083; x_wconf 82' lang='lat' dir='ltr'><strong>primis</strong></span> <span class='ocrx_word' id='word_1_254' title='bbox 759 3019 831 3068; x_wconf 86' lang='lat' dir='ltr'><strong>anuis</strong></span> <span class='ocrx_word' id='word_1_255' title='bbox 872 3019 905 3068; x_wconf 93' lang='lat' dir='ltr'><strong>ab</strong></span> <span class='ocrx_word' id='word_1_256' title='bbox 926 3019 992 3066; x_wconf 88' lang='lat' dir='ltr'><strong>irato</strong></span> <span class='ocrx_word' id='word_1_257' title='bbox 1009 3017 1087 3080; x_wconf 79' lang='lat' dir='ltr'><strong>Jove,</strong></span> <span class='ocrx_word' id='word_1_258' title='bbox 1103 3018 1197 3081; x_wconf 86' lang='lat' dir='ltr'><strong>Apollo</strong></span> <span class='ocrx_word' id='word_1_259' title='bbox 1213 3019 1295 3082; x_wconf 84' lang='lat' dir='ltr'><strong>pauit,</strong></span> <span class='ocrx_word' id='word_1_260' title='bbox 1310 3019 1399 3070; x_wconf 84' lang='lat' dir='ltr'><strong>dietus</strong></span> 
     </span>
    </p>
   </div>
   <div class='ocr_carea' id='block_1_6' title="bbox 205 3091 1400 3159">
    <p class='ocr_par' dir='ltr' id='par_1_15' title="bbox 205 3091 1400 3159">
     <span class='ocr_line' id='line_1_32' title="bbox 205 3091 1400 3159; baseline -0.001 -14"><span class='ocrx_word' id='word_1_261' title='bbox 205 3123 206 3126; x_wconf 63' lang='lat'><em>=</em></span> <span class='ocrx_word' id='word_1_262' title='bbox 306 3097 451 3158; x_wconf 81' lang='lat' dir='ltr'><strong>discebant,</strong></span> <span class='ocrx_word' id='word_1_263' title='bbox 466 3096 573 3146; x_wconf 85' lang='lat' dir='ltr'><strong>totidem</strong></span> <span class='ocrx_word' id='word_1_264' title='bbox 584 3095 773 3159; x_wconf 82' lang='lat' dir='ltr'><strong>ministrabant,</strong></span> <span class='ocrx_word' id='word_1_265' title='bbox 788 3095 833 3146; x_wconf 86' lang='lat' dir='ltr'><strong>de·</strong></span> <span class='ocrx_word' id='word_1_266' title='bbox 872 3091 1167 3158; x_wconf 81' lang='lat' dir='ltr'><strong>ipreestAntplrrysius,</strong></span> <span class='ocrx_word' id='word_1_267' title='bbox 1182 3101 1209 3144; x_wconf 87' lang='lat' dir='ltr'><strong>et</strong></span> <span class='ocrx_word' id='word_1_268' title='bbox 1222 3094 1322 3157; x_wconf 80' lang='lat' dir='ltr'><strong>Sibylla</strong></span> <span class='ocrx_word' id='word_1_269' title='bbox 1340 3095 1400 3158; x_wconf 83' lang='lat' dir='ltr'><strong>ejus</strong></span> 
     </span>
    </p>
   </div>
   <div class='ocr_carea' id='block_1_7' title="bbox 308 3167 1409 3687">
    <p class='ocr_par' dir='ltr' id='par_1_16' title="bbox 308 3167 1409 3687">
     <span class='ocr_line' id='line_1_33' title="bbox 308 3167 1399 3237; baseline 0.003 -16"><span class='ocrx_word' id='word_1_270' title='bbox 308 3187 364 3222; x_wconf 86' lang='lat' dir='ltr'><strong>cem</strong></span> <span class='ocrx_word' id='word_1_271' title='bbox 377 3173 481 3236; x_wconf 84' lang='lat' dir='ltr'><strong>reliquls</strong></span> <span class='ocrx_word' id='word_1_272' title='bbox 497 3171 636 3235; x_wconf 86' lang='lat' dir='ltr'><strong>docebant,</strong></span> <span class='ocrx_word' id='word_1_273' title='bbox 651 3187 682 3223; x_wconf 83' lang='lat' dir='ltr'><strong>sc</strong></span> <span class='ocrx_word' id='word_1_274' title='bbox 701 3180 760 3237; x_wconf 85' lang='lat' dir='ltr'><strong>post</strong></span> <span class='ocrx_word' id='word_1_275' title='bbox 777 3173 833 3224; x_wconf 84' lang='lat' dir='ltr'><strong>illos</strong></span> <span class='ocrx_word' id='word_1_276' title='bbox 871 3167 999 3218; x_wconf 68' lang='lat' dir='ltr'><strong>Sacerdot</strong></span> <span class='ocrx_word' id='word_1_277' title='bbox 1019 3182 1058 3218; x_wconf 77' lang='lat' dir='ltr'><strong>vt·</strong></span> <span class='ocrx_word' id='word_1_278' title='bbox 1081 3169 1181 3218; x_wconf 78' lang='lat' dir='ltr'><strong>AEneld·</strong></span> <span class='ocrx_word' id='word_1_279' title='bbox 1202 3169 1296 3220; x_wconf 79' lang='lat' dir='ltr'><strong>dicitur</strong></span> <span class='ocrx_word' id='word_1_280' title='bbox 1316 3168 1399 3220; x_wconf 81' lang='lat' dir='ltr'><strong>‘Am-</strong></span> 
     </span>
     <span class='ocr_line' id='line_1_34' title="bbox 309 3244 1401 3309; baseline -0.002 -13"><span class='ocrx_word' id='word_1_281' title='bbox 309 3248 414 3308; x_wconf 85' lang='lat' dir='ltr'><strong>triglutu</strong></span> <span class='ocrx_word' id='word_1_282' title='bbox 435 3261 523 3309; x_wconf 86' lang='lat' dir='ltr'><strong>anuos,</strong></span> <span class='ocrx_word' id='word_1_283' title='bbox 537 3246 661 3308; x_wconf 90' lang='lat' dir='ltr'><strong>nubendi,</strong></span> <span class='ocrx_word' id='word_1_284' title='bbox 684 3247 705 3296; x_wconf 90' lang='lat' dir='ltr'><strong>si</strong></span> <span class='ocrx_word' id='word_1_285' title='bbox 727 3247 833 3309; x_wconf 81' lang='lat' dir='ltr'><strong>uellent,</strong></span> <span class='ocrx_word' id='word_1_286' title='bbox 872 3244 974 3308; x_wconf 83' lang='lat' dir='ltr'><strong>pbryris</strong></span> <span class='ocrx_word' id='word_1_287' title='bbox 993 3244 1082 3304; x_wconf 62' lang='lat' dir='ltr'><strong>rates:</strong></span> <span class='ocrx_word' id='word_1_288' title='bbox 1099 3245 1214 3308; x_wconf 77' lang='lat' dir='ltr'><strong>epitheto</strong></span> <span class='ocrx_word' id='word_1_289' title='bbox 1231 3251 1261 3294; x_wconf 90' lang='lat' dir='ltr'><strong>ut</strong></span> <span class='ocrx_word' id='word_1_290' title='bbox 1276 3245 1401 3294; x_wconf 75' lang='lat' dir='ltr'><strong>obsecrat</strong></span> 
     </span>
     <span class='ocr_line' id='line_1_35' title="bbox 309 3319 1402 3385; baseline 0 -15"><span class='ocrx_word' id='word_1_291' title='bbox 309 3321 388 3372; x_wconf 80' lang='lat' dir='ltr'><strong>fiebat</strong></span> <span class='ocrx_word' id='word_1_292' title='bbox 399 3322 436 3371; x_wconf 88' lang='lat' dir='ltr'><strong>eis</strong></span> <span class='ocrx_word' id='word_1_293' title='bbox 446 3329 571 3385; x_wconf 85' lang='lat' dir='ltr'><strong>potestas.</strong></span> <span class='ocrx_word' id='word_1_294' title='bbox 874 3319 977 3368; x_wconf 82' lang='lat' dir='ltr'><strong>Servius</strong></span> <span class='ocrx_word' id='word_1_295' title='bbox 986 3319 1062 3382; x_wconf 82' lang='lat' dir='ltr'><strong>longe</strong></span> <span class='ocrx_word' id='word_1_296' title='bbox 1074 3322 1166 3383; x_wconf 81' lang='lat' dir='ltr'><strong>petitu.</strong></span> <span class='ocrx_word' id='word_1_297' title='bbox 1199 3321 1269 3370; x_wconf 82' lang='lat' dir='ltr'><strong>Hinc</strong></span> <span class='ocrx_word' id='word_1_298' title='bbox 1284 3320 1342 3370; x_wconf 89' lang='lat' dir='ltr'><strong>libri</strong></span> <span class='ocrx_word' id='word_1_299' title='bbox 1354 3321 1402 3384; x_wconf 76' lang='lat' dir='ltr'><strong>Sy·</strong></span> 
     </span>
     <span class='ocr_line' id='line_1_36' title="bbox 342 3392 1380 3460; baseline 0.002 -15"><span class='ocrx_word' id='word_1_300' title='bbox 342 3400 373 3446; x_wconf 80' lang='lat' dir='ltr'><strong>ts</strong></span> <span class='ocrx_word' id='word_1_301' title='bbox 389 3396 570 3460; x_wconf 74' lang='lat' dir='ltr'><strong>Dardaniusque</strong></span> <span class='ocrx_word' id='word_1_302' title='bbox 580 3395 660 3460; x_wconf 80' lang='lat' dir='ltr'><strong>nepos]</strong></span> <span class='ocrx_word' id='word_1_303' title='bbox 676 3395 810 3448; x_wconf 79' lang='lat' dir='ltr'><strong>Ascanius.</strong></span> <span class='ocrx_word' id='word_1_304' title='bbox 875 3392 1277 3458; x_wconf 78' lang='lat' dir='ltr'><strong>billiuibic‘Ampbrysiafata’</strong></span> <span class='ocrx_word' id='word_1_305' title='bbox 1375 3453 1380 3460; x_wconf 26' lang='lat'><strong>⁴</strong></span> 
     </span>
     <span class='ocr_line' id='line_1_37' title="bbox 310 3469 1409 3538; baseline 0.003 -19"><span class='ocrx_word' id='word_1_306' title='bbox 310 3509 313 3514; x_wconf 94' lang='lat'><strong>.</strong></span> <span class='ocrx_word' id='word_1_307' title='bbox 343 3472 407 3526; x_wconf 85' lang='lat' dir='ltr'><strong>Quot</strong></span> <span class='ocrx_word' id='word_1_308' title='bbox 422 3473 522 3534; x_wconf 71' lang='lat' dir='ltr'><strong>meruit</strong></span> <span class='ocrx_word' id='word_1_309' title='bbox 537 3471 620 3533; x_wconf 72' lang='lat' dir='ltr'><strong>meos]</strong></span> <span class='ocrx_word' id='word_1_310' title='bbox 636 3470 760 3534; x_wconf 80' lang='lat' dir='ltr'><strong>Triginta,</strong></span> <span class='ocrx_word' id='word_1_311' title='bbox 772 3477 835 3537; x_wconf 90' lang='lat' dir='ltr'><strong>quot</strong></span> <span class='ocrx_word' id='word_1_312' title='bbox 907 3472 937 3518; x_wconf 80' lang='grc'><strong>17</strong></span> <span class='ocrx_word' id='word_1_313' title='bbox 957 3469 1006 3518; x_wconf 85' lang='lat' dir='ltr'><strong>Ubi</strong></span> <span class='ocrx_word' id='word_1_314' title='bbox 1025 3470 1156 3531; x_wconf 59' lang='lat' dir='ltr'><strong>nomo</strong></span> <span class='ocrx_word' id='word_1_315' title='bbox 1173 3471 1281 3534; x_wconf 78' lang='lat' dir='ltr'><strong>trientes]</strong></span> <span class='ocrx_word' id='word_1_316' title='bbox 1297 3470 1409 3538; x_wconf 80' lang='lat' dir='ltr'><strong>Triens,</strong></span> 
     </span>
     <span class='ocr_line' id='line_1_38' title="bbox 311 3545 1405 3609; baseline 0.002 -14"><span class='ocrx_word' id='word_1_317' title='bbox 311 3545 835 3608; x_wconf 84' lang='lat' dir='ltr'><strong>enixaerstporcellosiurentasubilioi·</strong></span> <span class='ocrx_word' id='word_1_318' title='bbox 876 3550 982 3609; x_wconf 74' lang='lat' dir='ltr'><strong>quantor</strong></span> <span class='ocrx_word' id='word_1_319' title='bbox 1004 3546 1178 3608; x_wconf 84' lang='lat' dir='ltr'><strong>complectens</strong></span> <span class='ocrx_word' id='word_1_320' title='bbox 1201 3546 1298 3605; x_wconf 76' lang='lat' dir='ltr'><strong>tancies,</strong></span> <span class='ocrx_word' id='word_1_321' title='bbox 1326 3548 1405 3598; x_wconf 83' lang='lat' dir='ltr'><strong>tertia</strong></span> 
     </span>
     <span class='ocr_line' id='line_1_39' title="bbox 311 3619 1404 3687; baseline 0.005 -18"><span class='ocrx_word' id='word_1_322' title='bbox 311 3619 360 3670; x_wconf 82' lang='lat' dir='ltr'><strong>bun</strong></span> <span class='ocrx_word' id='word_1_323' title='bbox 371 3635 423 3683; x_wconf 84' lang='lat' dir='ltr'><strong>sus,</strong></span> <span class='ocrx_word' id='word_1_324' title='bbox 433 3621 479 3669; x_wconf 88' lang='lat' dir='ltr'><strong>lib.</strong></span> <span class='ocrx_word' id='word_1_325' title='bbox 488 3633 551 3670; x_wconf 85' lang='lat' dir='ltr'><strong>vrrr.</strong></span> <span class='ocrx_word' id='word_1_326' title='bbox 562 3619 662 3670; x_wconf 81' lang='lat' dir='ltr'><strong>AEneid.</strong></span> <span class='ocrx_word' id='word_1_327' title='bbox 876 3635 935 3684; x_wconf 86' lang='lat' dir='ltr'><strong>pars</strong></span> <span class='ocrx_word' id='word_1_328' title='bbox 947 3627 988 3671; x_wconf 82' lang='lat' dir='ltr'><strong>est</strong></span> <span class='ocrx_word' id='word_1_329' title='bbox 998 3622 1071 3671; x_wconf 84' lang='lat' dir='ltr'><strong>assis.</strong></span> <span class='ocrx_word' id='word_1_330' title='bbox 1098 3621 1174 3672; x_wconf 88' lang='lat' dir='ltr'><strong>Unde</strong></span> <span class='ocrx_word' id='word_1_331' title='bbox 1185 3619 1261 3672; x_wconf 76' lang='lat' dir='ltr'><strong>facile</strong></span> <span class='ocrx_word' id='word_1_332' title='bbox 1272 3623 1404 3687; x_wconf 75' lang='lat' dir='ltr'><strong>colligitur</strong></span> 
     </span>
    </p>
   </div>
   <div class='ocr_carea' id='block_1_8' title="bbox 345 3694 1504 3760">
    <p class='ocr_par' dir='ltr' id='par_1_17' title="bbox 345 3694 1504 3760">
     <span class='ocr_line' id='line_1_40' title="bbox 345 3694 1504 3760; baseline 0.001 -15"><span class='ocrx_word' id='word_1_333' title='bbox 345 3700 375 3746; x_wconf 82' lang='grc'><strong>11</strong></span> <span class='ocrx_word' id='word_1_334' title='bbox 394 3695 527 3746; x_wconf 76' lang='lat' dir='ltr'><strong>Priamide</strong></span> <span class='ocrx_word' id='word_1_335' title='bbox 545 3700 600 3758; x_wconf 85' lang='lat' dir='ltr'><strong>quot</strong></span> <span class='ocrx_word' id='word_1_336' title='bbox 621 3701 697 3758; x_wconf 70' lang='lat' dir='ltr'><strong>nunt,</strong></span> <span class='ocrx_word' id='word_1_337' title='bbox 716 3694 768 3758; x_wconf 66' lang='lat' dir='ltr'><strong>tu]</strong></span> <span class='ocrx_word' id='word_1_338' title='bbox 795 3697 837 3746; x_wconf 89' lang='lat' dir='ltr'><strong>De</strong></span> <span class='ocrx_word' id='word_1_339' title='bbox 877 3695 986 3744; x_wconf 85' lang='lat' dir='ltr'><strong>trientes</strong></span> <span class='ocrx_word' id='word_1_340' title='bbox 1008 3698 1146 3760; x_wconf 71' lang='lat' dir='ltr'><strong>nonaginta</strong></span> <span class='ocrx_word' id='word_1_341' title='bbox 1172 3698 1331 3748; x_wconf 84' lang='lat' dir='ltr'><strong>constituere</strong></span> <span class='ocrx_word' id='word_1_342' title='bbox 1357 3700 1405 3750; x_wconf 91' lang='lat' dir='ltr'><strong>trl·</strong></span> <span class='ocrx_word' id='word_1_343' title='bbox 1502 3723 1504 3746; x_wconf 82' lang='lat' dir='ltr'><strong>t</strong></span> 
     </span>
    </p>
   </div>
   <div class='ocr_carea' id='block_1_9' title="bbox 312 3769 1408 4214">
    <p class='ocr_par' dir='ltr' id='par_1_18' title="bbox 312 3769 1037 3836">
     <span class='ocr_line' id='line_1_41' title="bbox 312 3769 1037 3836; baseline -0.003 -14"><span class='ocrx_word' id='word_1_344' title='bbox 312 3771 415 3822; x_wconf 85' lang='lat' dir='ltr'><strong>Priamo</strong></span> <span class='ocrx_word' id='word_1_345' title='bbox 431 3771 503 3833; x_wconf 83' lang='lat' dir='ltr'><strong>virg.</strong></span> <span class='ocrx_word' id='word_1_346' title='bbox 523 3769 666 3836; x_wconf 79' lang='lat' dir='ltr'><strong>AEneid.1r.</strong></span> <span class='ocrx_word' id='word_1_347' title='bbox 690 3770 839 3834; x_wconf 70' lang='lat' dir='ltr'><strong>‘Quiuqua</strong></span> <span class='ocrx_word' id='word_1_348' title='bbox 877 3772 948 3834; x_wconf 82' lang='lat' dir='ltr'><strong>ginta</strong></span> <span class='ocrx_word' id='word_1_349' title='bbox 959 3786 1037 3820; x_wconf 83' lang='lat' dir='ltr'><strong>asses.</strong></span> 
     </span>
    </p>

    <p class='ocr_par' dir='ltr' id='par_1_19' title="bbox 312 3845 1408 4214">
     <span class='ocr_line' id='line_1_42' title="bbox 312 3845 1405 3910; baseline 0.005 -16"><span class='ocrx_word' id='word_1_350' title='bbox 312 3846 385 3909; x_wconf 87' lang='lat' dir='ltr'><strong>ginta</strong></span> <span class='ocrx_word' id='word_1_351' title='bbox 404 3846 442 3893; x_wconf 89' lang='lat' dir='ltr'><strong>illi</strong></span> <span class='ocrx_word' id='word_1_352' title='bbox 462 3845 648 3907; x_wconf 61' lang='lat' dir='ltr'><strong>thalamisque</strong></span> <span class='ocrx_word' id='word_1_353' title='bbox 668 3851 741 3894; x_wconf 84' lang='lat' dir='ltr'><strong>tauta</strong></span> <span class='ocrx_word' id='word_1_354' title='bbox 759 3859 838 3908; x_wconf 85' lang='lat' dir='ltr'><strong>nepo·</strong></span> <span class='ocrx_word' id='word_1_355' title='bbox 911 3851 942 3896; x_wconf 84' lang='grc'><strong>18</strong></span> <span class='ocrx_word' id='word_1_356' title='bbox 962 3847 1072 3908; x_wconf 80' lang='lat' dir='ltr'><strong>Vasatica</strong></span> <span class='ocrx_word' id='word_1_357' title='bbox 1081 3846 1165 3910; x_wconf 80' lang='lat' dir='ltr'><strong>rltrdo]</strong></span> <span class='ocrx_word' id='word_1_358' title='bbox 1183 3847 1272 3898; x_wconf 77' lang='lat' dir='ltr'><strong>Rhoda</strong></span> <span class='ocrx_word' id='word_1_359' title='bbox 1287 3855 1329 3899; x_wconf 87' lang='lat' dir='ltr'><strong>ert</strong></span> <span class='ocrx_word' id='word_1_360' title='bbox 1342 3849 1405 3900; x_wconf 82' lang='lat' dir='ltr'><strong>Gal·</strong></span> 
     </span>
     <span class='ocr_line' id='line_1_43' title="bbox 312 3920 1408 3986; baseline 0.003 -15"><span class='ocrx_word' id='word_1_361' title='bbox 312 3921 386 3972; x_wconf 73' lang='lat' dir='ltr'><strong>tum!</strong></span> <span class='ocrx_word' id='word_1_362' title='bbox 419 3920 460 3970; x_wconf 87' lang='lat' dir='ltr'><strong>Ad</strong></span> <span class='ocrx_word' id='word_1_363' title='bbox 473 3936 548 3983; x_wconf 81' lang='lat' dir='ltr'><strong>quam</strong></span> <span class='ocrx_word' id='word_1_364' title='bbox 561 3934 661 3968; x_wconf 85' lang='lat' dir='ltr'><strong>versum</strong></span> <span class='ocrx_word' id='word_1_365' title='bbox 671 3920 779 3981; x_wconf 82' lang='lat' dir='ltr'><strong>respicit</strong></span> <span class='ocrx_word' id='word_1_366' title='bbox 797 3920 839 3969; x_wconf 86' lang='lat' dir='ltr'><strong>hic</strong></span> <span class='ocrx_word' id='word_1_367' title='bbox 879 3921 955 3970; x_wconf 87' lang='lat' dir='ltr'><strong>licum</strong></span> <span class='ocrx_word' id='word_1_368' title='bbox 968 3921 1126 3983; x_wconf 66' lang='lat' dir='ltr'><strong>vehiculum</strong></span> <span class='ocrx_word' id='word_1_369' title='bbox 1143 3929 1171 3970; x_wconf 88' lang='lat' dir='ltr'><strong>at</strong></span> <span class='ocrx_word' id='word_1_370' title='bbox 1186 3936 1267 3986; x_wconf 85' lang='lat' dir='ltr'><strong>quare</strong></span> <span class='ocrx_word' id='word_1_371' title='bbox 1277 3924 1408 3974; x_wconf 82' lang='lat' dir='ltr'><strong>Vasatioie</strong></span> 
     </span>
     <span class='ocr_line' id='line_1_44' title="bbox 315 3995 1407 4062; baseline 0.004 -16"><span class='ocrx_word' id='word_1_372' title='bbox 315 3995 451 4046; x_wconf 81' lang='lat' dir='ltr'><strong>Ariconius.</strong></span> <span class='ocrx_word' id='word_1_373' title='bbox 483 3996 511 4045; x_wconf 83' lang='lat' dir='ltr'><strong>si</strong></span> <span class='ocrx_word' id='word_1_374' title='bbox 522 3995 590 4044; x_wconf 85' lang='lat' dir='ltr'><strong>euim</strong></span> <span class='ocrx_word' id='word_1_375' title='bbox 607 4008 640 4044; x_wconf 82' lang='lat' dir='ltr'><strong>en</strong></span> <span class='ocrx_word' id='word_1_376' title='bbox 655 3996 840 4059; x_wconf 76' lang='lat' dir='ltr'><strong>quinquaginta</strong></span> <span class='ocrx_word' id='word_1_377' title='bbox 878 3997 962 4045; x_wconf 83' lang='lat' dir='ltr'><strong>rhedis</strong></span> <span class='ocrx_word' id='word_1_378' title='bbox 982 3997 1090 4062; x_wconf 79' lang='lat' dir='ltr'><strong>triginta</strong></span> <span class='ocrx_word' id='word_1_379' title='bbox 1118 3997 1211 4046; x_wconf 91' lang='lat' dir='ltr'><strong>caballi</strong></span> <span class='ocrx_word' id='word_1_380' title='bbox 1227 3999 1407 4061; x_wconf 79' lang='lat' dir='ltr'><strong>jungebantur</strong></span> 
     </span>
     <span class='ocr_line' id='line_1_45' title="bbox 314 4069 1408 4136; baseline 0.004 -16"><span class='ocrx_word' id='word_1_381' title='bbox 314 4072 401 4121; x_wconf 80' lang='lat' dir='ltr'><strong>demas</strong></span> <span class='ocrx_word' id='word_1_382' title='bbox 427 4071 467 4120; x_wconf 87' lang='lat' dir='ltr'><strong>bis</strong></span> <span class='ocrx_word' id='word_1_383' title='bbox 494 4071 584 4134; x_wconf 85' lang='lat' dir='ltr'><strong>(lenos,</strong></span> <span class='ocrx_word' id='word_1_384' title='bbox 606 4084 652 4118; x_wconf 88' lang='lat' dir='ltr'><strong>reu</strong></span> <span class='ocrx_word' id='word_1_385' title='bbox 676 4070 776 4134; x_wconf 85' lang='lat' dir='ltr'><strong>viginti,</strong></span> <span class='ocrx_word' id='word_1_386' title='bbox 796 4069 840 4120; x_wconf 88' lang='lat' dir='ltr'><strong>tri·</strong></span> <span class='ocrx_word' id='word_1_387' title='bbox 877 4071 1051 4134; x_wconf 77' lang='lat' dir='ltr'><strong>potiusquam</strong></span> <span class='ocrx_word' id='word_1_388' title='bbox 1069 4071 1144 4124; x_wconf 82' lang='lat' dir='ltr'><strong>aliisi</strong></span> <span class='ocrx_word' id='word_1_389' title='bbox 1177 4071 1218 4122; x_wconf 81' lang='lat' dir='ltr'><strong>Au</strong></span> <span class='ocrx_word' id='word_1_390' title='bbox 1241 4081 1347 4136; x_wconf 81' lang='lat' dir='ltr'><strong>propter</strong></span> <span class='ocrx_word' id='word_1_391' title='bbox 1364 4076 1408 4126; x_wconf 91' lang='lat' dir='ltr'><strong>iti·</strong></span> 
     </span>
     <span class='ocr_line' id='line_1_46' title="bbox 315 4143 1406 4214; baseline 0.009 -21"><span class='ocrx_word' id='word_1_392' title='bbox 315 4148 387 4206; x_wconf 84' lang='lat' dir='ltr'><strong>ginta</strong></span> <span class='ocrx_word' id='word_1_393' title='bbox 406 4152 570 4209; x_wconf 82' lang='lat' dir='ltr'><strong>supererunt.</strong></span> <span class='ocrx_word' id='word_1_394' title='bbox 604 4144 710 4194; x_wconf 87' lang='lat' dir='ltr'><strong>Priamo</strong></span> <span class='ocrx_word' id='word_1_395' title='bbox 725 4143 790 4194; x_wconf 85' lang='lat' dir='ltr'><strong>tilios</strong></span> <span class='ocrx_word' id='word_1_396' title='bbox 810 4145 840 4194; x_wconf 89' lang='lat' dir='ltr'><strong>ti·</strong></span> <span class='ocrx_word' id='word_1_397' title='bbox 878 4160 966 4196; x_wconf 88' lang='lat' dir='ltr'><strong>ueruru</strong></span> <span class='ocrx_word' id='word_1_398' title='bbox 978 4145 1166 4212; x_wconf 85' lang='lat' dir='ltr'><strong>difficultatem,</strong></span> <span class='ocrx_word' id='word_1_399' title='bbox 1183 4162 1215 4197; x_wconf 82' lang='lat' dir='ltr'><strong>au</strong></span> <span class='ocrx_word' id='word_1_400' title='bbox 1234 4151 1302 4214; x_wconf 91' lang='lat' dir='ltr'><strong>quud</strong></span> <span class='ocrx_word' id='word_1_401' title='bbox 1318 4151 1406 4206; x_wconf 70' lang='lat' dir='ltr'><strong>rhedas</strong></span> 
     </span>
    </p>
   </div>
   <div class='ocr_carea' id='block_1_10' title="bbox 0 0 1551 4894">
    <p class='ocr_par' dir='ltr' id='par_1_20' title="bbox 0 0 1551 4894">
     <span class='ocr_line' id='line_1_47' title="bbox 0 0 1551 4894; baseline 0 0"><span class='ocrx_word' id='word_1_402' title='bbox 0 0 1551 4894; x_wconf 95' lang='lat' dir='ltr'><strong> </strong></span> 
     </span>
    </p>
   </div>
  </div>
 </body>
</html>
