3000 4882
494 378 721 430 anarrinon
745 381 868 430 acrio.
1160 371 1223 436 787

126 519 239 612 lante3
262 519 320 580 aut
343 517 454 580 verius
468 517 563 601 Sylla
578 518 689 598 Felix,
711 522 769 605 qui
784 523 913 588 felicior
926 527 1022 604 ante,d
1047 546 1148 610 quam
1165 547 1222 592 uo·

131 623 279 698 caretum
302 636 403 701 quam
427 624 473 694 tu,
498 617 701 686 Gratianus:
723 623 778 686 oui
804 630 837 688 et
860 625 924 690 hoc
949 645 1069 692 nomen
1091 637 1170 709 cst,⁸
1190 638 1225 695 et

130 718 191 784 illa
208 718 336 783 Metelli
352 716 543 802 Syllaequet
560 725 758 802 cognomina
769 722 795 808 ε)
827 727 880 790 39.
902 734 950 804 tu,
963 729 1111 811 inquam,
1137 731 1224 796 Gra·

129 822 232 900 tiano,
247 822 306 904 qui
321 821 383 884 hoc
398 840 463 884 nou
479 821 619 905 singulis
634 823 743 901 factis,
756 825 815 888 sed
827 833 989 911 perpetua
1001 835 1092 911 grate
1105 833 1224 913 agendi

130 922 344 1004 benignitate,
359 923 526 1002 meruisti;
549 926 616 999 cui,
629 925 694 988 uisi
709 926 752 989 ab
767 937 853 992 auo⁸
874 928 1049 995 deductum
1064 940 1166 1010 esset,
1180 936 1223 997 ab

132 1023 287 1088 omnibus
301 1021 495 1104 adderetur3
518 1030 554 1088 tu
576 1025 651 1108 ipse
673 1027 746 1104 tibi,
761 1028 904 1112 inquam,
923 1050 984 1113 pro
1007 1051 1059 1096 me
1081 1036 1225 1115 gratiam

129 1125 234 1192 refer:
256 1129 291 1188 tu
305 1127 441 1207 tuaeque
456 1126 615 1190 virtutes:
638 1128 783 1206 bonitas,
806 1149 873 1212 qua
888 1132 921 1194 iu
935 1145 1052 1198 omnes
1067 1136 1224 1219 prolixus

130 1247 182 1304 es,
202 1232 382 1310 perpetuus
405 1227 439 1290 iu
464 1247 536 1306 me:
559 1229 680 1310 pietas,
702 1249 770 1312 qua
792 1233 903 1295 orbem
930 1239 1022 1297 tuum
1046 1241 1223 1320 temperaS,

131 1329 358 1412 quamquain
381 1328 578 1393 ulciscendo
593 1329 734 1412 patruol
756 1333 892 1414 probas,
917 1335 1039 1400 tuendo
1064 1338 1097 1401 iu
1122 1337 1224 1404 fratre

130 1432 294 1509 cumulas,
307 1429 454 1496 ornando
466 1431 500 1493 in
513 1439 721 1514 praeceptore
733 1433 947 1516 multiplicas.
981 1438 1035 1502 40.
1048 1437 1138 1522 Agat
1151 1459 1224 1522 gra·

130 1533 199 1598 tias
215 1533 407 1610 clementia,
431 1552 531 1615 quam
545 1533 820 1614 humauo‘generi
845 1535 1016 1617 impertis:
1034 1538 1225 1620 liberalitas,

132 1653 201 1717 qua
216 1633 302 1698 ditas
317 1653 449 1698 omnes:
471 1633 644 1711 fortitudo,
655 1654 721 1716 qua
730 1637 855 1700 vincis:
878 1645 913 1700 et
927 1657 1017 1700 mens
1030 1639 1097 1704 ista
1111 1661 1223 1721 aurea,

126 1754 231 1820 quam
245 1733 287 1799 de
303 1735 467 1800 communi
484 1732 577 1799 Deoi
593 1733 671 1818 plus
683 1755 783 1817 quam
798 1735 907 1799 ullus8
924 1736 1074 1802 hausisti.
1112 1738 1223 1823 Agant

124 1947 201 1996 seque
209 1934 276 2000 apua
283 1934 361 1984 vern
367 1934 518 1993 occulussuit
526 1935 606 1994 Felix,
613 1934 652 1998 qui
661 1939 711 1984 erut
716 1935 813 1995 felicior
817 1937 884 1999 prius
891 1952 959 2000 quom
968 1941 1126 2001 appellaretur
1132 1955 1141 1996 ,·
1152 1955 1223 2002 quom

126 2003 154 2046 tu
165 2001 256 2048 rororis
275 2000 424 2050 Gratianus:
441 1999 481 2061 qui
500 1999 569 2048 loires
585 2004 609 2048 et
628 2013 709 2046 romeu
725 2000 799 2061 istud,
815 2005 839 2049 et
857 2002 899 2050 illo
915 2008 1066 2063 cognomento
1081 2005 1183 2065 Metelli,
1199 2010 1224 2053 et

126 2062 231 2126 Syllae)
252 2068 287 2126 tu,
301 2065 407 2125 isquam,
418 2063 544 2124 Gratiano,
556 2064 596 2124 qui
614 2065 765 2124 promeruisti
780 2079 826 2112 noa
834 2064 910 2122 factis
924 2067 1040 2128 aliquibus
1053 2068 1224 2130 singularibus,

125 2125 231 2188 ssajugs·
238 2127 381 2177 liberalitate
389 2128 414 2176 in
422 2134 493 2188 grute
503 2129 604 2188 agenda
615 2132 641 2176 ut
652 2127 696 2174 tuoe
705 2141 831 2188 cognom
841 2128 886 2177 titt
900 2130 1041 2192 adjiceretur
1055 2132 1085 2180 ot
1100 2133 1223 2194 stammam,

125 2190 150 2238 ss'
158 2205 205 2240 aon
215 2193 330 2242 traxisses
345 2192 440 2240 illudat
451 2205 493 2240 ooo
504 2197 557 2240 tuo:
577 2197 603 2239 lu
621 2192 680 2254 ipse,
692 2191 796 2254 taquam,
811 2195 881 2242 redde
892 2193 937 2248 tili
946 2200 1027 2256 grates
1036 2210 1080 2258 pro
1095 2211 1146 2245 me:
1163 2202 1190 2244 ta
1200 2203 1229 2246 et¹

127 2263 177 2302 tuoe
187 2256 387 2316 prestantissima
403 2257 483 2304 dotes:
498 2257 590 2304 toritas
603 2257 643 2303 illo
659 2269 705 2318 quo
716 2254 804 2317 effusus
817 2271 843 2305 ss
857 2257 882 2306 iu
899 2272 985 2316 omues,
995 2265 1019 2307 st
1029 2274 1098 2321 quom
1108 2263 1225 2323 exprome

125 2319 220 2368 assidue
228 2334 285 2381 erge
295 2335 340 2368 me.
375 2321 512 2382 Pietasque
522 2321 651 2368 moderaris
664 2321 788 2382 imperium
805 2325 870 2369 tuum
889 2321 1008 2371 insonte
1017 2331 1109 2386 puluis,
1119 2330 1142 2373 et
1153 2329 1223 2386 quant

126 2385 230 2432 emendis
239 2384 264 2433 is
272 2385 401 2433 tumendo
408 2390 496 2448 patruo
507 2391 558 2444 tro,
568 2397 670 2445 oggerus
680 2385 705 2432 iu
711 2383 906 2450 soamdosretre,
918 2389 1066 2446 congeminas
1077 2389 1101 2436 iu
1112 2390 1223 2437 decorau-

126 2449 157 2496 do
169 2448 297 2510 Magistro.
330 2449 398 2508 Agat
413 2449 458 2497 tibi
467 2463 510 2511 pro
532 2463 568 2496 me
587 2453 671 2508 grates
685 2451 837 2498 marcuardo
852 2450 900 2498 isto
918 2465 986 2513 quom
998 2452 1094 2501 aetites
1108 2453 1135 2500 irs
1150 2466 1226 2513 gertus

126 2511 269 2561 tlmmm:
302 2513 470 2576 munificentia,
489 2527 535 2575 qua
551 2514 677 2575 locupletus
694 2517 803 2562 cunctos:
823 2513 905 2562 Virtus
924 2529 969 2577 quo
986 2516 1072 2565 utrem:
1091 2521 1115 2564 st
1134 2518 1227 2564 orimus

126 2575 173 2624 isle
180 2577 389 2639 prostitutissimae
398 2591 465 2640 quem
474 2577 565 2626 decim
575 2577 669 2626 aterius
686 2591 755 2640 quum
771 2577 848 2641 quiris
857 2578 919 2628 ultus
931 2594 962 2628 sa
977 2580 1058 2630 diuino
1068 2595 1126 2629 cura
1136 2579 1227 2644 diffuso

623 2713 732 2764 NO'l'lE

158 2825 172 2860 ‘²
190 2826 240 2882 Qui
249 2825 346 2887 felicior
359 2833 423 2889 oute,
437 2829 489 2893 t5c]
504 2830 547 2878 De
559 2841 591 2877 ao
602 2827 655 2876 Pli-
695 2825 794 2888 Supra:
813 2825 965 2876 ‘Piiseimor
983 2827 1057 2890 liujus
1071 2841 1133 2876 vero
1142 2825 1226 2876 landis

126 2902 185 2952 nius
205 2901 250 2952 lib.
269 2915 321 2953 uu.
342 2917 400 2967 cap.
417 2908 457 2954 44.
474 2904 565 2953 ‘Unus
578 2902 656 2951 homi·
696 2899 926 2962 locupletissimum
939 2902 1112 2950 testimouium
1124 2910 1165 2950 est
1181 2917 1225 2964 pa-

127 2991 188 3026 num
205 2977 238 3026 ad
255 2976 305 3026 hoe
322 2979 370 3028 ari
388 2979 482 3028 Felicis
498 2979 547 3028 sibi
564 2992 655 3041 cogno·
697 2983 737 3026 ter
746 2976 839 3025 «livinis
847 2976 986 3026 honoribus
996 2985 1175 3026 consecratus:
1190 2979 1227 3026 in·

127 3067 188 3102 men
205 3047 314 3102 asceruit
332 3055 363 3103 Ι..
376 3054 458 3119 Sylla,
475 3055 546 3104 civili
563 3068 657 3116 nempe
697 3063 751 3103 star
762 3052 808 3102 filii
819 3054 993 3117 adimperium
1005 3054 1088 3104 frater
1098 3055 1227 3116 ascitum

127 3128 262 3191 sanguine,
285 3142 316 3177 ac
342 3129 434 3191 patria
462 3128 658 3192 oppugnatione
697 3131 853 3179 contumelia
865 3130 1044 3194 bellipatmus
1062 3131 1241 3180 vindieatnsr'

128 3203 278 3267 adoptatus.
311 3205 347 3252 Et
362 3205 453 3268 quibus
470 3204 603 3254 felicitatis
620 3203 657 3252 iu·
698 3206 729 3256 ad
742 3205 913 3256 Profecturae
932 3205 1068 3270 collegium
1084 3205 1151 3254 filius
1166 3221 1226 3264 eum

128 3279 222 3328 ductus
242 3280 415 3341 argumentis?
447 3279 523 3332 Quod
545 3280 655 3343 proscri-
696 3289 770 3344 patre
799 3281 967 3344 conjunctura
994 3281 1027 3329 ad
1057 3280 1225 3330 Consulatum

127 3353 191 3402 bere
211 3357 250 3402 tot
269 3353 349 3402 millis
359 3354 464 3416 cisium,
478 3368 508 3404 ae
524 3354 655 3424 trucidare
695 3362 843 3419 preceptor
853 3353 967 3404 electus!
1000 3355 1051 3406 Ubi
1061 3356 1121 3404 vide
1132 3357 1158 3410 N
1162 3363 1226 3406 otas.

128 3429 264 3493 potuisset.
297 3428 415 3492 Optare
426 3429 615 3492 interpretatio,
629 3436 656 3478 et
726 3432 734 3486 ,¹
751 3433 790 3480 De
805 3431 918 3480 cummuni
935 3431 1000 3494 Deo]
1015 3432 1056 3482 De
1072 3433 1132 3482 Deo
1150 3447 1226 3497 aquo

128 3503 219 3554 tuturo
231 3511 345 3567 tempore
357 3502 463 3554 infelix!
498 3505 657 3554 Noumelio-
698 3521 786 3555 omnes
808 3512 920 3555 urentem
950 3506 1081 3572 hauriunt,
1106 3523 1165 3573 quae
1187 3497 1228 3556 e'st

129 3582 164 3630 ris
181 3581 257 3631 sortis
271 3585 325 3630 tum
341 3580 414 3630 fuere
430 3588 579 3644 pereuntes,
595 3595 656 3644 quo·
698 3581 808 3630 ‘divinae
820 3581 948 3644 particula
959 3583 1047 3632 aura!

128 3671 185 3706 rum
208 3655 359 3706 miseremur
377 3656 463 3719 hodie,
482 3671 541 3708 cum
559 3657 656 3720 Syllam
728 3657 743 3686 ⁴¹
762 3658 1228 3721 Mensislooureu,quomriecommurli

127 3745 267 3780 remonon
279 3731 387 3781 oderiti’
696 3731 749 3782 Deo
766 3735 820 3797 plus
834 3749 902 3796 quam
922 3734 982 3782 ultra
1003 3731 1118 3794 mesisti]
1143 3732 1226 3781 Miror

161 3807 278 3856 ‘Etioe
287 3807 426 3868 mmeuest]
443 3808 591 3858 Gratianus.
696 3808 809 3858 'l'ollium
828 3809 886 3858 hac
909 3809 974 3856 velle
1002 3809 1083 3872 magis
1114 3806 1225 3856 oratorie
1264 3860 1267 3868 ,

162 3882 174 3914 ¹
188 3885 224 3932 Et
237 3885 279 3932 illo
295 3885 387 3934 Metelli
401 3885 529 3950 Sullaque]
544 3886 617 3947 Pius,
628 3891 656 3936 et
696 3897 772 3948 quam
783 3884 826 3947 pie
837 3882 920 3942 dietum
929 3883 1052 3932 Etlmieos
1064 3882 1130 3931 enim
1140 3882 1226 3944 opinu-

127 3959 219 4009 Felix:
231 3960 290 4009 vide
302 3960 496 4023 inscriptionem
506 3975 584 4025 supra
595 3961 655 4010 allu-
695 3968 735 4010 tos
747 3968 847 4010 nostras
858 3960 956 4009 animas
967 3960 1064 4010 disinae
1083 3974 1151 4009 aura
1168 3974 1227 4021 par·

128 4041 193 4085 tam.
697 4037 866 4086 tieuiaresse.
904 4035 954 4084 Pie
966 4034 1070 4099 quidem
1095 4040 1122 4084 et
1141 4035 1227 4084 Clitis·

162 4118 175 4153 Ι
191 4109 229 4158 At
240 4111 294 4174 ooo]
310 4111 436 4160 Gratiano
444 4091 561 4161 Funario.
697 4113 767 4160 tinne
780 4125 864 4160 coram
874 4109 1034 4173 Imperatore
1047 4111 1096 4159 Plo
1105 4117 1132 4158 et
1142 4110 1228 4158 Ciuis·

162 4183 659 4252 11(ὶιιαηιᾳιιειἰιιιὶάεσιηιιῐοραιηωμῑσᾶ
696 4187 766 4236 tiano
785 4187 886 4260 prolata
904 4187 961 4234 llaec
979 4183 1057 4234 fuisse
1077 4187 1169 4250 probat
1187 4187 1228 4234 rel
