3034 4878
492 390 838 442 anrtrrurtuutm.

107 535 160 600 Et
175 535 265 618 prior
280 535 437 618 indeptus
452 534 573 614 fasces,
589 536 786 620 Latiamque
802 534 958 613 currulem,

160 637 297 714 Consul,
312 637 443 720 collega
457 641 651 720 posteriore,
666 639 724 703 fui.

108 737 189 802 Hic
204 757 265 818 ego
280 736 472 803 Ausonius:
494 739 554 803 sed
569 743 604 803 tu
617 758 659 803 ne
674 746 792 817 temne,
807 740 898 822 qnod
910 740 996 806 ultro

158 841 620 923 Patronunrnostristeparo
637 840 854 906 carminibus.
1164 841 1209 904 40

108 942 272 1006 Pectoris
286 947 324 1005 ut
338 941 441 1004 nostri
457 940 572 1005 sedem
588 942 683 1018 colis,
699 941 785 1006 alme
801 939 930 1026 syagri,

159 1044 442 1126 Communemque
457 1042 590 1107 habitas
606 1042 689 1107 alter
703 1063 767 1125 ego
783 1039 989 1110 Ausonium:

109 1147 176 1212 Sic
190 1147 292 1212 etiam
308 1151 420 1210 nostro
435 1143 597 1226 praefatus
609 1143 772 1209 habebere
786 1144 885 1222 libro,

159 1247 304 1312 Differat
318 1253 356 1312 ut
368 1247 484 1326 nihilo,
501 1247 547 1312 sit
561 1255 652 1326 tuns,
668 1266 753 1312 anne
766 1263 872 1311 meua.

108 1466 215 1529 Africa,
225 1473 249 1518 et
261 1467 355 1516 italic:
371 1471 394 1516 ct
409 1467 476 1530 prior
495 1468 593 1530 adeptus
602 1467 692 1528 succes,
703 1468 822 1516 maedam
835 1467 939 1516 caulem
949 1465 1134 1529 Romanumsni
1146 1467 1208 1514 Corr-

108 1535 149 1584 cul
158 1533 273 1594 prolatas
282 1547 331 1580 mco
343 1533 452 1594 Collegae.
487 1533 542 1593 Ego
551 1533 669 1581 Asconius
684 1531 741 1579 talis
756 1547 820 1580 mm:
836 1536 862 1580 at
871 1536 897 1580 tu
908 1533 1083 1594 neaspcmeris,
1094 1532 1153 1594 qaod
1164 1544 1208 1591 ego

108 1602 195 1658 sponte
211 1598 281 1646 oeiim
301 1601 325 1645 te
342 1596 454 1644 recimere
470 1601 626 1658 protectorem
646 1594 704 1642 meis
723 1595 836 1644 amabas.
870 1595 1069 1650 Quemadmodum
1079 1595 1172 1645 liabitas
1182 1595 1209 1642 ia

109 1675 164 1710 mco
178 1663 255 1717 corde,
264 1677 277 1709 o
293 1675 346 1709 carc
363 1661 460 1724 syagri,
477 1665 501 1708 et
517 1661 598 1708 incolis
616 1660 714 1707 crimem
725 1659 855 1708 Ausoniam
864 1673 892 1706 ac
908 1674 960 1720 ego,
974 1673 1026 1707 cum
1034 1660 1068 1708 sis
1077 1661 1140 1708 alter
1149 1671 1208 1718 ego:

110 1725 150 1773 ilc
166 1726 237 1774 etiam
254 1724 409 1775 nominatoria
419 1725 445 1774 ia
459 1723 543 1784 fronte
557 1722 603 1772 mei
617 1723 683 1784 libri,
702 1725 729 1772 at
745 1723 807 1771 aiiii
823 1722 919 1773 intersit
934 1738 966 1774 aa
981 1723 1013 1772 cit
1024 1727 1088 1787 tuus,
1106 1737 1137 1772 arr
1154 1736 1207 1772 ocra

110 1805 187 1838 meua.
1151 1799 1153 1804 ·

606 1880 713 1934 NO'l'AE

111 1999 180 2063 lari:
191 2003 240 2050 tic.
275 1999 327 2049 Ubi
338 1998 397 2049 ride
409 1998 500 2049 Notas.
679 1996 725 2046 bos
737 2009 827 2047 versus
838 1999 981 2060 sequnntur
999 1993 1025 2042 in
1036 1991 1127 2043 codice
1140 1993 1207 2056 Lug·

147 2077 182 2124 Et
192 2078 281 2126 calmem
291 2077 411 2135 lusorum
430 2073 569 2135 Profectus,
585 2071 639 2136 tra]
679 2073 786 2127 dunensi
812 2072 923 2122 disticha
948 2069 1143 2136 quatuordecim
1175 2083 1208 2118 ex

109 2151 246 2201 Secundus
263 2152 359 2214 quippe
377 2151 410 2200 sb
425 2150 595 2213 Imperatore,
612 2149 639 2198 in
679 2146 968 2198 variiaAusouisuorunr
975 2146 1207 2207 Garmiuummax·

110 2227 190 2277 sebas
202 2227 233 2276 ad
245 2226 363 2277 militiam
381 2232 408 2275 et
426 2232 522 2276 statum
540 2227 578 2276 rei
589 2227 639 2274 Ro·
678 2223 729 2274 ime
757 2225 944 2286 Parentalram,
974 2222 1039 2272 locis
1071 2221 1207 2283 desrrmta3

111 2317 195 2352 mana
217 2303 408 2368 pertinentibus
428 2303 547 2366 Magistri
568 2300 640 2367 eqni·
681 2314 789 2366 qnorum
801 2301 909 2364 primum
927 2299 1031 2362 incipit:
1050 2295 1207 2360 ‘Morigerae

111 2384 168 2428 tum
178 2380 236 2428 loco
247 2384 314 2442 erat,
328 2377 453 2439 cumipse
466 2377 585 2441 princeps
599 2391 639 2426 es·
680 2377 767 2426 uxoris
779 2375 860 2425 virtus
872 2376 913 2425 cni
922 2373 1032 2438 contigit
1043 2371 1143 2423 omnia.'
1175 2372 1208 2422 lu

110 2452 382 2504 setlocoDictatoris.
414 2449 640 2504 NecaPrat‘ecto
680 2452 773 2516 quibus
784 2466 834 2501 non
842 2453 896 2515 jam
908 2449 1036 2501 Ausonius
1047 2451 1104 2514 ipse
1118 2449 1152 2499 (le
1172 2463 1209 2511 se,

111 2529 194 2578 Praet.
222 2528 349 2594 appellari
373 2534 484 2592 poterat.
517 2526 585 2577 Vide
607 2528 640 2578 de
680 2526 726 2576 sed
738 2527 828 2592 aliquia
839 2527 903 2576 alias
914 2526 948 2576 de
958 2524 1072 2576 Ausonio
1085 2527 1111 2575 in
1129 2524 1209 2575 tertia

113 2605 168 2668 ejus
179 2602 263 2654 officio
275 2605 376 2654 titulum
389 2608 428 2654 11.
439 2603 483 2654 lib.
494 2616 514 2652 r.
530 2603 641 2667 digesto·
680 2618 792 2668 persona
804 2604 925 2669 loquitur.
950 2604 989 2653 Es
997 2602 1092 2653 Tollius
1104 2600 1208 2652 omnino

112 2681 169 2732 rum
181 2687 208 2731 et
219 2681 260 2732 tit.
269 2681 364 2732 tulit.
376 2693 396 2729 r.
406 2681 510 2730 Codicis
521 2694 528 2740 ;
544 2687 572 2729 et
581 2693 641 2744 quae
680 2691 733 2728 non
748 2678 838 2727 edidit.
870 2678 1005 2740 Egoiuter
1016 2675 1163 2726 testimonis
1174 2674 1207 2724 de

113 2756 306 2807 observavimus
318 2756 350 2806 ad
365 2756 409 2804 illa
423 2755 502 2806 rerba
513 2755 639 2818 Epistola
680 2754 795 2803 Ausonio
814 2753 862 2802 sub
879 2752 965 2816 titulo,
981 2751 1072 2802 lacerti
1086 2749 1207 2812 decimis,

113 2845 174 2882 xvr.
185 2829 217 2880 ad
228 2830 358 2880 Probum:
379 2831 387 2859 ‘
401 2830 470 2880 Dico
482 2830 548 2878 huuc
560 2829 639 2879 Serra·
679 2828 772 2878 excudi
785 2827 882 2877 curari.

113 2909 135 2956 ti
146 2905 292 2971 presulem,
307 2903 466 2954 Praefectum
477 2902 595 2966 eundem,
611 2907 638 2953 et
710 2907 743 2954 8⁰
759 2903 811 2954 Hic
821 2917 864 2964 ego
874 2901 1006 2966 Aroanios]
1021 2900 1088 2952 Hoec
1097 2914 1155 2964 quae
1167 2913 1207 2948 se·

113 2982 250 3034 Consulem
280 2980 350 3046 (nam
383 2980 479 3033 Consul
511 2986 638 3032 aeteruum
678 2977 1077 3045 curraturdistichatria,atjam
1085 2975 1207 3028 mouuiin

113 3058 214 3124 cluet).’
558 3099 561 3106 r
678 3050 1208 3119 Lugdunensicodice,sepsratimscriptrt

145 3139 177 3184 tt
193 3134 324 3194 Profectus
350 3133 437 3197 Gallia,
460 3132 515 3196 tre]
541 3132 638 3182 Versus
677 3130 810 3181 erautaub
825 3144 857 3179 eo
876 3128 952 3178 titulo
970 3141 1046 3191 quem
1066 3132 1147 3190 supra'
1161 3138 1206 3188 po·

113 3211 154 3260 hic
166 3218 206 3261 est
217 3215 258 3268 42.
270 3209 389 3274 Epicedii
399 3210 423 3258 ia
434 3216 543 3272 patrem.
678 3206 790 3256 suimus:
801 3205 919 3256 Ausonius
927 3202 1040 3266 umgrto,
1050 3200 1206 3266 vectorem.

144 3289 176 3335 ³⁷
194 3288 229 3335 Et
236 3287 304 3349 prior
313 3286 513 3349 iadeptarsasccc,
523 3286 563 3348 tro.
576 3285 638 3333 Coa·
679 3283 751 3333 Nota
760 3281 801 3331 bic
812 3281 926 3330 hiatum:
943 3281 997 3340 Ego
1007 3277 1136 3340 Ammo,
1147 3292 1207 3340 poa-

112 3363 158 3426 mi,
172 3363 260 3425 collega
272 3360 472 3427 pomerimasrci]
488 3361 519 3410 In
537 3361 638 3411 Gratia·
679 3356 774 3407 teriore
794 3355 865 3405 vocis
880 3355 934 3416 ligo
951 3351 1049 3418 syllaba
1067 3366 1119 3402 nou
1143 3352 1208 3403 elisa

113 3453 168 3488 rum
179 3438 306 3489 Actione:
325 3434 567 3492 ‘Camelarissimo
584 3435 639 3485 viro
678 3446 749 3482 more
766 3429 866 3482 Grecis
885 3429 968 3494 potitis
986 3429 1090 3479 usitato.
1121 3429 1206 3480 Fuere

114 3515 211 3577 collega
222 3528 279 3564 meo
289 3512 386 3563 bonore
397 3513 560 3575 conjunctus,
575 3526 639 3561 uun·
678 3515 765 3560 tamen
776 3507 820 3574 qui
830 3508 928 3556 inserta
938 3519 1003 3556 voce
1013 3521 1064 3556 eum
1075 3505 1206 3568 corrigere

114 3590 248 3653 copatione
259 3587 402 3653 praelatus!
432 3589 553 3651 Etpost:
569 3587 639 3637 ‘Ne
677 3585 788 3636 vellent:
807 3585 858 3635 Hic
868 3598 970 3648 egotam
980 3583 1105 3632 Ausonius.
1179 3645 1182 3651 ‘

114 3671 256 3730 queautem
268 3678 326 3727 ego,
341 3661 513 3712 sacratissime
525 3661 639 3726 Impera·
709 3664 741 3712 41
758 3659 865 3710 Pectoris
884 3663 911 3708 ut
932 3658 1015 3716 acutri,
1035 3656 1087 3721 tc]
1108 3655 1204 3706 Tollius

115 3747 163 3801 tor,
179 3739 204 3788 in
216 3739 285 3788 tenui
306 3735 431 3786 beneficio
452 3735 560 3800 gradum
576 3750 638 3786 uun·
678 3735 738 3787 hic:
755 3736 810 3786 ‘Ut
821 3740 850 3784 ut
868 3734 910 3784 alii
927 3733 1002 3781 aliter
1017 3733 1141 3793 sentiant,
1159 3745 1204 3779 ex-

115 3813 256 3879 cupatiouia
268 3814 418 3877 amplector.
450 3812 520 3861 Num
531 3817 571 3861 est
582 3812 638 3862 hacc
678 3817 762 3861 trama
772 3807 824 3860 duo
842 3809 952 3858 disticha
972 3821 1032 3856 rere
1047 3805 1205 3868 Ausoniaua,

110 3888 194 3954 ¹gloria
214 3889 304 3952 ignota
324 3885 460 3939 Ciceroni?
492 3887 638 3942 Praetorem
678 3887 837 3951 asaperiore
847 3884 959 3934 carmine
975 3881 1133 3947 sejungeuds
1147 3896 1205 3932 ceu·

116 3977 164 4027 me,
175 3963 588 4029 inquir,pop.1t0manusprinnm
598 3959 638 4016 fe·
677 3978 757 4026 seam,
774 3961 842 4028 quod
864 3973 896 4010 au
919 3956 1027 4010 Ausonii
1048 3959 1082 4009 sit
1103 3955 1203 4011 dubito.

117 4041 160 4107 cit,
178 4040 314 4097 Consulem
334 4037 465 4108 priorem‚’
489 4041 539 4092 tic.
572 4037 637 4091 Post
677 4037 884 4091 certematilum
895 4029 953 4086 cst.'
