3000 4882
275 367 340 436 738
743 377 898 428 susourr

279 541 445 619 conciliat,
468 539 612 605 Pauline
626 537 686 602 tili.
731 537 822 602 Nam
837 536 918 620 quia
932 535 1025 612 nihil,
1046 539 1206 618 poscente
1220 543 1285 611 me,
1312 535 1375 600 ab·

277 645 363 723 uuis,
394 644 498 726 magis
528 643 623 706 acuis
651 639 855 724 procaciam,
889 645 989 722 quam
1018 637 1188 702 rotundior
1218 643 1258 700 n't
1285 642 1374 702 nunc

279 765 412 830 quoque
427 746 461 809 in
481 763 588 809 causa
611 743 763 832 Philonis
781 741 1005 826 procuratoris
1031 740 1198 823 quondam
1223 739 1291 802 urei
1315 745 1375 802 cx·

278 839 424 932 poricrc':
447 846 506 931 qui
528 843 619 928 apud
641 837 910 924 Hebromagum·
930 841 1071 906 conditis
1086 839 1264 916 mercibus,
1287 859 1374 923 quas

278 969 340 1032 per
366 968 464 1031 agros
489 947 642 1012 diversos
658 945 796 1022 coemit,
819 951 981 1009 concesso
1006 941 1259 1006 abdominibus
1285 939 1375 1006 tuisb

277 1064 364 1114 usus
393 1049 554 1132 hospitio,
586 1047 760 1110 immature
790 1045 995 1129 periclitatur
1021 1043 1158 1126 expelli.
1211 1041 1243 1108 2.
1267 1041 1373 1120 Quod

277 1152 343 1216 nisi
357 1150 548 1226 indulseris,
570 1151 705 1228 rogante
720 1166 784 1223 me,
806 1157 843 1211 ut
864 1147 899 1211 el
920 1162 1013 1210 mora
1033 1145 1205 1209 habitandi
1222 1145 1265 1210 ad
1280 1163 1373 1208 com·

277 1252 410 1319 modum
426 1271 523 1315 suum
541 1255 659 1326 utatur,
681 1255 716 1314 et
729 1253 864 1326 nauso,e
878 1249 989 1312 aliave
1005 1248 1126 1330 quavis
1141 1247 1235 1311 davi¹
1260 1265 1372 1330 usque

277 1354 319 1419 ad
335 1348 518 1436 oppidumd
532 1352 684 1433 praebita,
707 1350 809 1432 frugis
834 1349 1076 1433 aliquantulum
1095 1357 1239 1414 nostrae‘
1252 1349 1372 1414 advehi

276 1454 395 1539 possit,
416 1451 624 1516 Lucaniacus
650 1459 690 1515 ut
714 1451 832 1533 inopia
855 1451 1029 1515 liberetur²
1052 1456 1196 1531 mature3
1218 1454 1290 1514 iota
1312 1451 1372 1516 illa

275 1554 405 1619 familia
417 1553 559 1618 hominis
574 1551 718 1618 literati‘
734 1573 801 1617 non
827 1551 870 1617 ad
894 1551 998 1616 Tullii
1018 1552 1290 1630 frumentariam,⁸
1311 1552 1371 1617 sed

277 1656 321 1722 ad
346 1655 578 1720 Curculionem
593 1653 729 1720 Plauti·
751 1653 939 1738 pertinebit.
981 1654 1015 1718 3.
1038 1653 1119 1719 Hoc
1144 1673 1212 1738 quo
1235 1653 1371 1720 facilius

275 1837 343 1905 uini,
353 1839 376 1893 ei
385 1849 471 1907 pnrutn
480 1843 602 1907 plurimos,
618 1849 641 1894 el
651 1845 746 1895 crebros
754 1843 884 1895 oecneionei
894 1843 941 1893 inre
952 1837 1112 1904 benignitatis.
1141 1843 1237 1892 Etenim
1247 1841 1302 1906 quio
1311 1839 1375 1890 nilril

274 1910 385 1970 donegua,
401 1923 453 1957 cnm
468 1915 530 1972 peto,
545 1909 647 1971 instigas
663 1913 743 1974 potios
765 1919 835 1986 quom
851 1909 963 1972 reprimis
979 1923 1055 1958 meam
1071 1911 1097 1957 in
1116 1903 1215 1986 petendo
1233 1907 1372 1982 eudociam.-

273 1977 302 2022 ut
312 1986 373 2022 nuno
383 1971 454 2022 eiirrm
462 1987 571 2033 wnosces
581 1975 607 2023 in
617 1976 712 2036 negotio
724 1973 841 2031 Poena,
857 1973 903 2022 enei
911 1973 966 2022 olim
975 1978 1149 2037 procuratores:
1164 1973 1205 2036 qni
1216 1985 1266 2020 cnm
1278 1982 1372 2045 reposu-

274 2035 321 2086 elie
332 2039 394 2100 opud
406 2037 580 2100 Hebromagum
589 2041 682 2101 merces,
698 2054 755 2102 qnos
769 2038 911 2102 comporooil
919 2051 963 2102 per
973 2037 1049 2086 corios
1059 2052 1139 2100 ugron,
1155 2042 1223 2086 uteres
1233 2049 1258 2085 eo
1271 2035 1373 2110 hospitio

274 2103 335 2164 qnod
354 2101 390 2149 tiri
406 2103 527 2150 domestici
543 2103 566 2150 ei
583 2103 765 2162 commodarunt,
786 2117 847 2151 nnnc
865 2102 890 2151 in
905 2103 1008 2166 periculo
1026 2107 1071 2158 est,
1087 2116 1116 2150 ue
1132 2107 1188 2152 onte
1204 2105 1297 2162 temptes
1316 2101 1373 2147 ande

273 2163 390 2226 filatur.
425 2167 494 2221 Quod
504 2169 530 2214 ni
539 2169 678 2216 concesseris
693 2169 716 2216 ei
734 2182 783 2216 meo
800 2173 893 2230 rogoin,
909 2171 936 2214 ret
952 2171 975 2215 el
990 2167 1250 2229 meotfflmremunere
1261 2163 1373 2227 ortomdlle

273 2229 321 2292 ipsi
335 2245 393 2292 opos
412 2231 469 2290 erit,
484 2236 507 2278 et
526 2233 668 2280 commodato
685 2233 707 2280 ei
722 2246 801 2288 now,
816 2235 859 2280 dni
868 2231 969 2294 molinet
979 2231 1027 2279 olio
1036 2231 1091 2280 noni
1102 2233 1133 2279 ed
1143 2229 1222 2278 urbem
1231 2235 1313 2290 nsque,
1326 2227 1371 2275 uli-

274 2300 388 2356 qnaotnm
400 2294 500 2354 frugum
519 2299 653 2344 notensem
670 2294 792 2357 apportari
806 2295 889 2356 poesia
904 2300 930 2344 nt
948 2295 1094 2344 manmena
1110 2299 1211 2356 tempore
1228 2294 1373 2367 liberemus

272 2358 373 2418 penaria
379 2371 388 2413 ,¹
398 2356 494 2416 familia
506 2358 556 2406 leuc
565 2359 640 2406 omnis
650 2359 750 2407 leoninis
761 2360 853 2408 literali
864 2359 984 2421 redigetur
992 2373 1036 2408 uon
1047 2361 1078 2408 od
1086 2357 1273 2418 frumentorium
1285 2361 1373 2404 oreten-

274 2435 326 2470 sem
339 2422 466 2478 Ciceronis,
482 2424 521 2470 sed
532 2424 563 2471 od
575 2423 738 2472 Curculionem
750 2423 841 2474 Plauti.
877 2423 911 2472 Ut
920 2424 988 2473 noco
1003 2428 1027 2473 te
1039 2422 1283 2484 facilinsobiinerem,
1298 2422 1337 2470 oel
1345 2424 1372 2468 ni

729 2562 913 2596 W&

308 2661 322 2708 1
339 2657 422 2706 Vetus
433 2658 564 2721 esemplni
575 2657 682 2710 Joaunis
693 2660 761 2723 Tilii,
776 2662 852 2711 alione
869 2677 914 2729 ouo
925 2664 989 2726 noni,
1005 2677 1055 2712 non
1072 2661 1148 2724 male,
1161 2662 1252 2728 judice
1264 2642 1379 2712 vineto..

274 2725 322 2770 -2
338 2721 397 2770 ‘Sic
410 2735 497 2771 omnes
510 2725 590 2802 nostri
601 2723 711 2774 codices.
724 2726 821 2802 *Lectio
833 2731 921 2802 tamen
932 2725 987 2776 ltaec
999 2728 1087 2804 nescio
1096 2733 1146 2793 quo
1158 2736 1234 2806 pacto
1245 2727 1307 2776 milti
1318 2743 1371 2805 uon

274 2786 370 2849 placet.
403 2786 530 2852 Legereur
543 2789 629 2855 potiris
639 2805 646 2838 τ
658 2789 744 2852 fruges
753 2805 776 2841 a.
787 2789 916 2840 nomenari.
926 2807 952 2855 p.
963 2793 1103 2856 nummo,
1120 2798 1148 2842 nt
1158 2796 1237 2858 mopro
1246 2793 1274 2841 l.'
1293 2793 1373 2841 vure-

770 2919 876 2972 NO'l'AE

306 3023 398 3093 *Apud
411 3030 598 3097 Hebromagum]
607 3035 702 3086 Villam
714 3023 801 3086 inuri·
842 3038 932 3099 menti,
959 3037 1027 3102 quod
1049 3035 1126 3088 Philo
1155 3051 1201 3102 pro
1230 3052 1270 3086 me
1298 3037 1372 3088 emit.

273 3105 299 3154 ui
311 3105 343 3155 de
357 3121 407 3170 qua
418 3110 543 3171 superiori
556 3111 681 3172 Epistola.
842 3101 950 3162 Frustra
968 3113 1135 3165 loculamento
1155 3113 1269 3162 'solicilat
1289 3113 1371 3164 Vine-

306 3180 800 3249 '’Alnominilmsiuis]Domesticistois.
842 3192 893 3238 tus.
1201 3245 1208 3258 ἱ

306 3256 322 3285 ⁶
340 3257 379 3306 Ab
400 3257 530 3309 luminibus
550 3262 609 3324 inis]
638 3262 678 3312 Ad
699 3265 800 3314 dornrrrn
873 3263 1010 3315 ‘Hominis
1026 3265 1130 3329 litmoii]
1148 3266 1265 3326 Articuli,
1284 3267 1372 3331 quint

274 3338 342 3381 tuam
359 3335 572 3396 perducendus.-
591 3333 666 3388 Unde
684 3337 801 3404 Scaliger
841 3342 881 3390 vii
892 3331 1009 3392 literatis
1028 3331 1210 3393 abrincantina
1228 3351 1255 3392 et
1274 3341 1370 3392 famem

274 3407 378 3456 deducit
390 3408 528 3470 Gallicum,
539 3413 679 3477 Hommoge.
841 3417 979 3480 allegorice
1009 3419 1131 3482 exprimit
1158 3433 1205 3482 per
1233 3418 1371 3468 Ciceronis

305 3483 426 3546 eNeruo]
450 3475 539 3535 Genus
559 3489 652 3554 travigll
671 3489 799 3551 Gallicum
841 3489 1035 3542 i'rrlmenta‘riani
1062 3503 1089 3544 et
1114 3490 1201 3544 Plauti
1234 3495 1371 3544 Curculio-

273 3571 331 3610 esse
342 3561 474 3612 existimat
490 3561 621 3627 Gyraidns
639 3567 688 3615 Lil.
701 3567 733 3616 de
746 3567 799 3616 Ni·
840 3571 908 3618 nem.

272 3634 354 3697 vigila.
872 3652 885 3686 Ι
903 3646 956 3693 Non
967 3647 998 3693 nd
1010 3645 1284 3709 Tulliifrnmenioriom]
1302 3647 1372 3696 Ora-

305 3710 317 3744 ‘l
337 3712 414 3774 Usque
424 3716 456 3763 nd
471 3714 591 3780 oppidem]
606 3715 714 3766 Portum
734 3717 800 3767 Con·
841 3719 945 3769 tioliaec
961 3728 1002 3770 eat
1022 3722 1110 3783 tertia,
1126 3736 1172 3772 seu
1189 3723 1256 3771 liber
1275 3724 1372 3772 tertius

273 3783 360 3835 dotem
373 3787 715 3858 intelligitscaliger,prope
724 3809 799 3859 quem
840 3797 1010 3845 accusationis
1022 3798 1046 3846 in
1059 3799 1175 3860 Verrem,
1190 3815 1246 3862 quae
1258 3799 1371 3862 incipit:

273 3867 330 3908 erat
353 3862 512 3914 Lucaniacus
540 3867 602 3915 villa
625 3867 742 3928 Αιιεοιιὶἱ,
767 3869 799 3918 ad
841 3872 956 3922 ‘Omnes
975 3873 1017 3936 qui
1033 3874 1153 3935 alterurn,
1161 3873 1276 3938 jndices,
1292 3877 1371 3924 nullis

273 3935 380 3985 Duranii
402 3939 492 4003 ripam.
533 3943 652 3993 Lucanus
673 3942 800 3994 frondosa
840 3945 942 4010 impulsi
953 3947 1109 4024 inimicicia:
1119 3953 1166 4000 &c
1174 3949 1245 4014 dicta
1255 3949 1371 4002 frumen·

273 4009 384 4065 Paulino
396 4015 492 4068 dicitur
502 4019 527 4068 ln
537 4011 616 4069 tertia
627 4021 800 4084 Epistularum
842 4023 918 4084 teria,
929 4025 996 4088 quod
1008 4026 1034 4074 in
1049 4040 1081 4076 ea
1097 4026 1130 4076 de
1141 4025 1273 4077 frumento
1283 4029 1373 4082 Sicili-

274 4089 306 4135 ad
318 4089 468 4144 Aemoniam.
840 4101 895 4149 ensi
909 4110 1010 4162 agatur.

306 4169 317 4195 ⁸
335 4163 423 4228 Frugis
434 4168 603 4231 oliqnoutulum
619 4172 717 4236 nostro]
735 4173 798 4222 Fru-
872 4174 884 4208 ¹¹
902 4177 951 4226 Sed
969 4181 1001 4227 od
1021 4177 1183 4230 Cureulionem
1205 4163 1298 4244 Paul]
1320 4183 1370 4232 Fa-
