3026 4898
250 306 316 372 552
720 315 884 364 nuscun-

251 466 333 530 Sera
346 467 507 532 venenato
521 469 604 548 potu
620 461 760 528 abstulit
774 459 997 524 Hannibalem
1174 479 1253 525 nex.

251 565 324 632 Ros
338 563 432 630 Asiae
445 572 587 648 quantas
604 564 673 628 leto
687 563 781 628 dedit
792 562 973 630 immeritas
1142 561 1253 626 fraus!

145 691 148 698 ·
253 667 366 732 Ultrix
379 666 534 748 flagravit
549 665 589 730 de
602 665 740 748 rupibus
756 665 916 730 Euboicis
1072 665 1075 674 “
1183 664 1254 728 fam

253 769 328 834 Stat
338 768 439 834 Jovis
449 766 493 832 ad
505 766 676 852 cyathum,
687 772 824 848 generat
834 786 934 852 quom
945 764 1136 830 Dardanius
1157 765 1254 829 Tros.

253 869 467 956 Proepetibus
482 870 601 953 pennis
615 887 715 952 super
729 867 809 934 adra
822 873 938 932 noctus
951 866 1053 931 homo
1161 864 1254 930 Cres.
1298 865 1346 930 20

252 969 368 1037 Intulit
381 971 546 1036 incestam
561 971 623 1035 tibi
636 971 717 1048 vim,
740 969 934 1046 Philomela,
955 969 1044 1034 ferus
1129 965 1254 1032 Thrax.

253 1071 424 1138 Barbarus
437 1079 490 1139 est
503 1071 629 1156 Lydus,
649 1071 761 1136 bellax
775 1070 875 1149 Geta,
895 1071 1070 1136 foemineos
1126 1067 1255 1152 Phryx.

252 1245 407 1309 tertiospalt'o
417 1247 502 1310 omma.
519 1246 588 1296 Mors
598 1247 668 1296 tarda
680 1244 777 1294 malit
789 1243 927 1294 Annibalem
937 1245 1030 1307 poliam
1039 1249 1161 1294 menata-
1172 1242 1251 1300 Quam
1260 1245 1346 1304 patena

251 1323 350 1368 regum
359 1311 426 1361 Asta
435 1309 647 1360 dolusdestraoeit!
659 1309 730 1359 Toedu
740 1311 826 1359 vindex
832 1309 893 1358 ursit
904 1325 936 1360 es
942 1309 1042 1372 mapalis
1053 1309 1147 1358 Estne
1155 1307 1247 1356 lsmtae.
1264 1305 1344 1354 Filius

253 1373 322 1422 lhor's
333 1375 579 1426 Dardaat't'mt'tta‘strnt
587 1375 644 1424 Joat'
653 1379 741 1436 potam.
774 1373 852 1422 Homo
864 1375 984 1424 cretensis
1000 1375 1062 1423 latua
1072 1379 1108 1422 est
1124 1387 1194 1436 super·
1203 1371 1281 1421 adrem
1296 1370 1345 1418 alia

252 1437 372 1488 celeribus
407 1440 490 1490 'ibrum
500 1439 612 1489 whom
620 1438 728 1488 odbibmt
738 1437 961 1488 amalasuenta
970 1453 984 1486 a
995 1438 1133 1488 Philomela.
1149 1435 1213 1500 aaa
1223 1439 1277 1485 aaut
1290 1433 1344 1482 bar·

707 1561 889 1582 nonomen

253 1665 334 1728 behnt'
355 1684 429 1727 vetus
448 1677 549 1728 codex:
567 1678 672 1728 Fallaces
689 1676 799 1738 Ligures.
818 1677 893 1726 Natta
901 1678 963 1727 suus
971 1679 997 1727 s's
1006 1679 1083 1742 pretio
1095 1680 1153 1728 Car.
1177 1677 1291 1725 ‘Versus
1301 1676 1344 1726 hic

253 1743 422 1806 transpositus
432 1743 458 1791 in
467 1743 549 1793 soteri
561 1743 627 1792 libro
641 1742 821 1791 inveniebatur
831 1750 893 1791 ante
908 1743 995 1792 illum:
1015 1743 1099 1794 Ultrix
1108 1742 1237 1806 flagrauit,
1245 1743 1286 1804 dre.
1297 1755 1346 1788 uu-

254 1807 287 1856 de
297 1822 355 1857 cum
366 1807 486 1856 'l'uruebo
496 1807 610 1870 spurium
618 1807 705 1858 illuns
721 1807 780 1855 dom
789 1807 874 1869 peloga
883 1807 967 1855 coldra
979 1813 1094 1858 merantur
1103 1806 1223 1869 scabinus
1233 1805 1289 1868 Ser,
1298 1819 1346 1854 ex·

254 1870 409 1935 punnimus.'
424 1871 521 1922 Tattius.
612 1919 614 1926 .

365 1953 367 1960 ’
758 1949 863 2002 NOTAE

255 2065 339 2116 cunda
360 2066 447 2130 opima
471 2067 556 2131 spolia
581 2067 700 2130 dederat,
719 2081 779 2118 cum
820 2065 946 2130 Nauplius
961 2066 1122 2116 redeuntium
1140 2065 1289 2116 Grmcornm
1302 2077 1348 2114 aa·

254 2143 337 2204 prima
356 2143 480 2192 Romulus
497 2145 553 2208 ipse
566 2145 599 2193 de
610 2142 713 2194 Acrone
725 2144 779 2193 Cae·
819 2157 864 2192 rea
876 2143 901 2191 iu
913 2143 1031 2206 scopulos
1042 2143 1132 2192 allexit
1146 2155 1176 2192 ac
1192 2138 1281 2202 fregit,
1293 2139 1345 2187 Pa·

253 2217 398 2267 nicensium
415 2218 555 2280 regelari
572 2218 690 2268 Feretrio
707 2218 780 2268 tulis·
819 2218 944 2267 lamedem
955 2218 1035 2267 filiurn
1045 2231 1208 2280 surrm‚quem
1218 2214 1345 2264 insontem

254 2299 304 2342 set.
338 2293 435 2342 Notum
446 2299 488 2344 ost
500 2293 604 2356 ‘opima
614 2292 704 2357 spolia'
722 2307 779 2344 ease
819 2292 925 2342 infando
935 2293 1031 2344 iudicio
1041 2293 1100 2342 neci
1116 2292 1282 2353 demiserunt,
1296 2288 1346 2340 boc

254 2382 311 2432 quse
329 2367 477 2431 Imperator
492 2369 645 2433 Imperatori
657 2371 780 2422 detrabit.
819 2377 878 2419 asta
890 2369 1029 2420 ulciscens.

254 2443 295 2492 De
307 2443 355 2492 hoe
364 2444 489 2494 Marcello
497 2445 624 2510 Virg.lib.
633 2460 672 2496 vt.
680 2446 781 2498 inducit
853 2452 884 2498 ta
906 2449 1012 2498 Gmerat
1027 2461 1095 2510 pasta
1116 2444 1256 2496 Dardanius
1276 2442 1346 2506 lbos]

255 2518 387 2568 Anchisen
397 2519 486 2570 AEnete
497 2521 565 2585 apud
578 2520 680 2574 Inferet
689 2522 727 2574 sic
737 2539 780 2574 ra·
820 2523 984 2588 Ganymedes
1009 2523 1083 2572 Trois
1107 2521 1174 2572 filius
1199 2521 1226 2569 in
1253 2521 1346 2570 coelum

254 2597 426 2646 ticinautem:
445 2598 605 2664 ‘Tectisque
622 2613 693 2650 arma
713 2601 781 2664 pstri
821 2606 921 2663 raptus,
938 2607 966 2649 et
983 2598 1121 2664 pocillator
1139 2596 1246 2648 effectius
1261 2596 1346 2649 loris.

254 2670 395 2736 suspendet
403 2679 480 2735 capta
489 2672 616 2725 Quirino:
820 2675 912 2738 ‘Stat'
931 2675 1036 2740 proprie
1059 2676 1094 2728 de
1117 2675 1281 2742 pocillatore,
1302 2675 1347 2740 qai
1421 2677 1423 2682 ⁴
1509 2729 1510 2752 Χ

288 2753 319 2800 lo
335 2747 397 2800 uera
404 2756 525 2808 ammoto,
534 2753 587 2817 tm]
601 2752 780 2816 &achimaan
820 2761 873 2806 stat
885 2756 918 2806 ad
930 2757 1059 2821 cyathum.

254 2825 326 2888 butu,
338 2831 454 2889 utsupra
465 2826 499 2876 de
514 2827 719 2892 Philopoemene,
735 2830 781 2881 sed
852 2835 884 2882 2⁰
902 2831 979 2881 Homo
992 2831 1063 2895 Cres]
1073 2829 1195 2880 Daedalus
1207 2830 1347 2881 Cretensis.

255 2916 324 2966 qum,
340 2901 618 2969 licetriolentatarda
631 2906 781 2957 tumendu-
852 2904 868 2934 '
883 2905 962 2954 Hmtto
979 2906 1048 2968 Cres]
1074 2903 1347 2968 PerrulgataDaedoli

254 2977 335 3028 aibali
348 2979 459 3042 contigit
468 2995 535 3031 anno
547 2981 633 3032 aetatis
643 2991 781 3048 septuage·
820 2979 916 3043 fabaria,
927 2980 983 3045 qul,
992 2986 1021 3030 at
1032 2981 1126 3032 Minois
1136 2979 1200 3030 iram
1210 2977 1347 3043 effugeret,

236 3053 329 3104 simo.
361 3054 427 3103 'fam
444 3056 626 3117 grandineaim
642 3064 783 3123 natuerat,
821 3055 871 3104 sibi
898 3070 995 3119 pennas
1021 3055 1153 3119 aptavisse
1174 3052 1268 3116 fertur,
1287 3055 1348 3121 qnia

254 3133 324 3178 teste
335 3127 454 3178 Cornelio
465 3129 580 3195 Nepote,
589 3147 646 3182 cum
655 3148 781 3184 venenum
821 3133 920 3182 scilicet
937 3134 1034 3196 primus
1054 3132 1166 3182 omnium
1184 3132 1242 3180 sela
1257 3139 1285 3181 et
1303 3146 1347 3182 an-

256 3202 356 3264 samslt‚
372 3217 407 3253 ne
422 3203 449 3253 iu
460 3205 631 3258 Romanorum
642 3223 700 3258 asse
710 3207 781 3274 flagi·
821 3217 912 3259 tenuas
927 3210 987 3258 nari
1003 3208 1133 3272 imposuit.
1165 3207 1268 3258 Dicitur
1284 3222 1347 3258 vero

255 3278 366 3328 tantiam
377 3292 467 3329 manas
478 3281 551 3330 virus
560 3281 694 3334 incideret.
821 3283 922 3344 ‘Cres,'
941 3299 1002 3346 non,
1018 3282 1086 3348 quod
1101 3297 1200 3346 revera,
1211 3290 1239 3332 ut
1251 3284 1354 3334 Vineto

290 3357 321 3403 tr
338 3353 472 3419 ursana]
487 3356 605 3420 Regnum
616 3359 723 3410 Priami.
822 3360 917 3424 placet,
928 3360 1059 3410 Cretensis
1079 3358 1168 3422 fuerit,
1186 3366 1224 3422 at,
1243 3360 1312 3424 quod
1331 3375 1347 3410 e

290 3429 582 3493 amarmurmultus
601 3434 732 3498 lacrymae,
753 3443 782 3488 et
821 3436 901 3485 Creta
909 3450 967 3485 eum
975 3433 1255 3485 fabulanturevolasse.
1285 3434 1348 3486 Fuit

258 3506 316 3571 cqtri
328 3507 407 3570 lignei
417 3505 501 3558 dolus.
821 3512 889 3561 enim
907 3512 949 3560 ille
967 3509 1133 3562 Atheniensis
1148 3511 1232 3561 Fahsr
1248 3518 1276 3562 et
1296 3512 1347 3562 Mi·

289 3581 304 3610 *
322 3582 372 3630 Res
382 3580 447 3632 Asia
461 3589 560 3646 quantos
569 3585 615 3634 leto
625 3585 690 3636 dedit
699 3586 780 3640 anae·
821 3587 903 3637 cionis
913 3587 989 3637 filius.

255 3657 402 3721 ritassraus]
419 3658 545 3708 Fraudem
557 3661 626 3712 illam
637 3672 727 3715 noster
736 3678 780 3714 ex·
852 3666 883 3712 at
902 3664 979 3714 Feras
1000 3660 1093 3724 strar]
1115 3662 1213 3716 Tereus
1229 3662 1347 3712 Procnes

257 3733 331 3804 ponit
350 3732 384 3782 de
401 3733 469 3784 lictis
483 3735 585 3788 Sinonis
605 3738 736 3802 lacrymis,
753 3747 782 3791 ct
820 3739 970 3790 Philomelae
982 3737 1199 3788 sororismaritus.
1222 3738 1347 3790 Fabulam

255 3825 322 3874 equo
332 3809 435 3874 liguco;
444 3825 548 3861 curnoa
556 3813 640 3876 potius
650 3815 781 3880 intelligar
821 3815 880 3864 vide
891 3816 935 3865 lib.
947 3814 1173 3878 v1.Metamorph.
1185 3813 1265 3864 Ouid.

254 3885 399 3936 ‘fraudem'
410 3900 463 3952 qua
475 3888 547 3938 Paris
558 3903 662 3940 uxorem
671 3891 782 3954 hospitis
852 3894 886 3940 22
902 3890 1026 3942 Barbarus
1043 3895 1078 3940 est
1099 3888 1192 3953 [νόω]
1213 3889 1301 3939 Plaat.
1319 3891 1346 3940 lu

256 3964 294 4012 sui
305 3963 399 4027 rapuit,
409 3964 490 4015 multo
501 3965 582 4016 milita
592 3967 749 4030 repetitam?
821 3966 995 4017 Bacchidibus
1015 3975 1068 4018 act.
1079 3979 1098 4014 1.
1114 3979 1150 4014 sc.
1160 3969 1185 4014 2.
1200 3964 1209 3994 ‘
1220 3964 1285 4029 Lyd.
1303 3964 1346 4016 Au

291 4043 320 4087 18
339 4038 432 4103 Ultria,
443 4043 483 4105 pa.
495 4039 557 4103 sua]
574 4041 633 4093 Qua
648 4057 663 4092 e
681 4044 781 4108 Capha-
820 4047 892 4096 Deus
904 4054 944 4095 est
957 4027 1278 4100 ullusSuavissuaviatio?
1289 4043 1349 4094 Pia·
1447 4081 1453 4090 .

257 4127 301 4162 reo
329 4116 432 4166 Euboeae
464 4118 638 4181 promontorio
670 4119 781 4184 sublata,
821 4122 882 4174 tocl.
901 4121 941 4172 Aa
958 4135 1008 4170 uon
1031 4119 1129 4185 putasti
1150 4119 1224 4170 esaei
1240 4118 1358 4172 nimiam.
