2998 4884
269 296 335 363 486
599 299 601 304 ’
736 311 922 396 aosorrrr¹

272 471 497 536 Dinochares:
518 469 645 554 quadro
663 439 720 536 oui
732 472 767 536 in
781 471 917 553 fastigia
931 489 1015 537 cono

273 571 400 656 Surgit,
412 571 535 652 etipsa
549 590 631 636 suas
645 575 811 638 consumit
823 573 976 656 Pyramis
991 573 1145 641 umbras:

271 753 427 819 Ptolemaeis
435 760 606 819 paomharta
613 757 727 822 Pyrarais
736 761 848 824 paadrsto
857 775 914 810 esso
923 759 1059 820 mergitis
1068 761 1196 824 apicesrr,et
1204 757 1363 824 tparanete

709 891 891 920 wumeeo'u

273 989 384 1040 hahetur
402 991 561 1044 timochares.
596 995 925 1060 CactprocsiTumehas:
945 997 1054 1058 shirtrii.
1087 997 1224 1047 Salmasius
1234 996 1287 1046 esti
1297 996 1365 1047 citat

272 1217 343 1302 iibri.
375 1227 457 1298 Atqui
467 1229 509 1284 hic
519 1231 587 1286 idem
598 1241 638 1287 est
648 1237 657 1268 ⁴
666 1237 798 1290 Dinocha·
836 1240 940 1304 Strabo,
957 1239 1083 1304 Valerius,
1099 1237 1242 1298 Vitruvius,
1260 1233 1304 1286 alil
1318 1251 1367 1300 sp·

272 1302 324 1354 ras'
346 1305 401 1356 sire
427 1307 594 1372 Dinocrates,
610 1312 653 1375 qui
673 1315 797 1378 templum
838 1317 945 1380 pellant.
976 1314 1025 1363 Ille
1043 1316 1108 1362 alter
1125 1313 1289 1363 Dinochares
1303 1309 1365 1373 fnit,

274 1379 370 1430 Diana
382 1381 501 1444 Ephesiae
513 1384 602 1434 rdtimo
612 1387 797 1440 architectatus
838 1391 883 1454 qni
904 1389 1041 1440 Ptolemaei
1060 1386 1224 1450 Philadelphi
1242 1387 1367 1448 tempori-

273 1459 323 1515 est,
341 1454 409 1517 quod
427 1466 605 1509 concremarat
622 1460 798 1516 Herostratns.
837 1464 885 1513 bus
897 1464 977 1514 vixit:
1000 1479 1033 1512 ex
1043 1464 1091 1511 hac
1102 1462 1230 1510 nominum
1246 1459 1366 1508 similitu·

272 1526 371 1576 Versus
388 1536 474 1579 sutem
489 1532 675 1598 subsequentes
686 1540 800 1601 explicat
838 1537 899 1587 dina
921 1537 1031 1598 Plinius,
1053 1537 1093 1585 rel
1111 1535 1157 1583 ille
1181 1535 1248 1583 ands
1266 1533 1368 1594 sumsit,

273 1603 373 1676 Plinius
381 1605 425 1654 lib.
434 1620 533 1659 xxxrr.
544 1623 601 1672 cap.
613 1615 652 1660 lt.
663 1613 701 1661 his
713 1615 799 1665 verbis
840 1619 867 1664 et
876 1613 903 1660 hi
914 1613 1023 1677 quicum
1033 1611 1190 1671 secutisnnt,
1199 1610 1308 1658 alterum
1317 1619 1367 1670 pro

275 1678 308 1728 de
320 1680 460 1742 Magnete:
482 1682 595 1733 ‘Eodem
613 1685 700 1748 lapide
716 1689 799 1738 Dino·
840 1688 922 1737 altero
934 1690 1085 1750 posueruut,
1095 1684 1305 1734 etDinocharem
1317 1681 1367 1730 eti·

275 1752 365 1802 chares
376 1753 716 1822 ArchitectasAlexsndriae
727 1761 799 1810 Arsi·
840 1778 881 1814 am
898 1769 1031 1824 uocarunt,
1052 1762 1096 1826 qui
1113 1760 1297 1811 Alexandriam
1313 1773 1369 1808 me-

274 1829 339 1880 nois
360 1829 484 1892 templum
501 1844 680 1882 concamarare
698 1834 799 1884 inchoa·
841 1845 1040 1900 tatus-est‚·cum
1054 1837 1216 1888 Dinocrates
1227 1836 1369 1890 diceretur.

274 1909 360 1964 verat,
380 1910 409 1952 at
430 1903 457 1953 in
476 1918 507 1956 eo
523 1905 689 1956 vsimulacmm
709 1908 765 1970 eius
785 1923 800 1959 a
840 1912 976 1964 Hactenus
988 1913 1134 1962 Salmasius.

275 1977 346 2029 ferro
356 1980 471 2044 pendere
481 1979 509 2029 in
520 1979 580 2028 aire
591 1981 735 2031 rideretur.
758 1984 801 2034 In·
867 1992 921 2038 *tlt
950 1989 1046 2044 Quadra
1069 1990 1109 2038 cat
1131 1989 1158 2038 ia
1182 1987 1288 2048 fastigia
1311 2002 1369 2038 cosso

274 2053 398 2103 tercessit
406 2067 476 2104 mors
488 2060 516 2104 et
526 2055 606 2118 ipsius
615 2062 644 2106 et
656 2056 803 2121 Ptolemaei,
840 2061 936 2124 Surgit,
957 2062 1012 2125 tra]
1044 2063 1095 2111 Vel
1115 2062 1241 2122 legatarii
1261 2061 1370 2126 antiquo

276 2127 356 2190 quiid
367 2130 448 2177 sorori
459 2129 714 2190 snaerjmscratfieriss
731 2133 802 2184 Editi
840 2149 920 2198 more,
936 2150 987 2200 qao
1003 2135 1089 2200 ‘quis'
1106 2135 1199 2199 parpes,
1213 2137 1255 2184 rel
1272 2137 1371 2200 quadan

275 2202 369 2264 legunt
392 2205 542 2263 Dinocrates,
569 2207 616 2256 sed
643 2209 669 2256 in
696 2210 801 2272 scriptis
841 2209 1171 2272 quaiivelqarpit'aclehat:
1184 2211 1372 2275 valipsumcssi

192 2311 195 2315 -
275 2277 386 2326 hahetur
398 2278 556 2341 Timochares,
569 2279 679 2332 fartame
697 2296 744 2345 pro
755 2283 801 2334 Di·
843 2285 1020 2347 dissyllabum,
1031 2291 1058 2334 et
1068 2285 1151 2348 prima
1160 2285 1248 2348 longa,
1258 2291 1288 2334 ut
1298 2285 1371 2346 spurt

276 2354 395 2405 sociares.
428 2357 550 2405 ceterum
567 2370 614 2418 pro
631 2357 802 2421 perfectoac·
843 2359 981 2410 Paulinum
997 2367 1025 2410 et
1041 2360 1211 2409 Prudentium
1228 2360 1278 2416 avi
1301 2359 1371 2408 illius

276 2430 490 2492 cipit-Ausonias,
506 2421 729 2494 qaodinchoatum
741 2434 803 2484 dna·
843 2435 933 2496 pcitss
951 2436 1089 2496 reperitur.
1107 2434 1256 2486 ‘Quadrum
1267 2435 1372 2484 conum'

277 2512 354 2555 taxat
372 2499 431 2555 init.
461 2505 560 2556 Mirari
587 2521 648 2556 vero
669 2521 721 2556 nou
742 2511 803 2560 satis
844 2509 963 2573 intellige
973 2508 1137 2572 Pyramidem
1145 2508 1372 2572 quadratamrco·

277 2593 393 2642 possam,
412 2581 457 2644 qrri
474 2579 530 2630 fieri
544 2583 671 2643 potuerit,
690 2588 719 2631 at
734 2583 804 2634 idem
842 2597 890 2632 nus
903 2588 989 2632 temen
1006 2584 1111 2646 proprie
1128 2583 1197 2646 apud
1214 2583 1372 2633 Geometras

277 2655 448 2717 Dinochares,
468 2657 511 2720 qui
532 2655 698 2706 Alexandria
724 2666 804 2709 meta·
844 2665 885 2706 est
895 2658 1013 2722 Pyramia
1025 2656 1146 2720 rotunda,
1156 2657 1244 2722 quales
1255 2664 1331 2706 metm
1343 2658 1371 2706 in

279 2733 343 2782 tloni
352 2731 466 2797 praefuit,
474 2737 597 2797 templum
608 2736 672 2785 illud
681 2736 804 2788 Arsinois
845 2733 923 2783 circo.

277 2809 449 2871 inchoaverit,
470 2818 596 2875 magnete
622 2827 803 2862 concamerari·
874 2813 924 2858 ars
950 2810 985 2858 Et
1008 2812 1059 2873 ipsa
1083 2825 1136 2859 saar
1158 2810 1272 2858 consumit
1292 2810 1372 2874 Pyra-

276 2885 347 2936 dam.
379 2887 536 2936 Ptolemaeus
546 2885 613 2935 enim
621 2886 665 2934 ille
674 2886 803 2936 Philadel-
843 2883 889 2931 mia
900 2883 1005 2944 umbras]
1028 2883 1104 2933 Quod
1115 2883 1191 2932 facile
1208 2883 1373 2946 intelligetur

277 2961 344 3023 phas
355 2962 414 3024 fait,
431 2963 476 3026 qui
492 2961 558 3010 abiit
574 2961 730 3024 Olympiada
746 2976 805 3011 cen·
844 2971 895 3021 qno
916 2967 992 3021 pacto
1012 2956 1103 3019 fiat,'si
1120 2972 1242 3020 ponamus
1253 2959 1373 3021 Pyrami-

276 3035 372 3083 tesima
388 3041 418 3083 et
434 3034 595 3083 duodecima.
628 3036 671 3084 Sic
683 3036 715 3084 ab
727 3035 804 3084 Alex·
845 3031 904 3080 dem
921 3033 989 3080 illam
1000 3032 1149 3094 qrradratam
1165 3039 1275 3096 quatuor
1287 3045 1372 3081 assrrr·

280 3107 376 3155 andriae
398 3108 504 3156 conditu
524 3107 557 3155 ad
578 3107 605 3154 id
630 3113 731 3169 tempus
753 3123 804 3171 qao
845 3119 908 3167 gere
926 3105 1058 3168 triangulis
1069 3107 1236 3168 equitateris,
1251 3114 1297 3156 aut
1309 3121 1372 3170 qao·

279 3181 401 3231 aedificari
417 3188 531 3244 coeptam
548 3186 588 3230 est
602 3173 723 3229 Arsinois
740 3190 804 3230 tem·
844 3191 899 3226 ram
918 3178 984 3226 latus
1001 3178 1034 3226 ad
1054 3178 1135 3226 basim
1150 3179 1185 3229 sit
1204 3193 1253 3227 nno
1270 3193 1371 3242 quoque

279 3259 350 3321 plum
371 3259 445 3320 jussu
467 3257 640 3321 Philadelphi,
663 3257 723 3306 anni
745 3265 811 3308 sunt,
844 3253 998 3317 reliquorum
1010 3254 1092 3316 majus
1104 3254 1244 3318 aliquanto,
1255 3253 1293 3303 sic
1302 3256 1372 3304 eninr

279 3332 385 3382 circiter
394 3334 528 3396 octoginta
538 3338 605 3382 octo.
642 3331 725 3397 Atqui
735 3332 804 3382 idem
844 3327 891 3378 fiet
902 3335 931 3378 ut
943 3344 999 3378 eam
1011 3330 1055 3378 Sol
1067 3330 1286 3393 quadragesimum
1299 3332 1374 3394 quin·

278 3406 437 3457 Dinocrates
456 3409 555 3473 aliquot
577 3408 649 3456 annis
666 3414 804 3473 antequam
845 3411 898 3453 tam
910 3401 1015 3452 circiter
1026 3405 1132 3466 gradum
1139 3405 1283 3454 altitudinis
1293 3420 1373 3469 supra

280 3481 463 3531 Alexandriam
476 3488 627 3543 metaretur,
642 3483 805 3546 templiDia·
845 3478 972 3529 finitorem
1003 3482 1120 3543 attigerit
1145 3489 1191 3531 ant
1218 3484 1373 3545 excesserit,

279 3569 321 3605 nm
333 3557 451 3619 Ephesiae
467 3555 635 3606 aedificationi
654 3556 805 3618 praefuerat.
846 3555 927 3616 spicis
947 3555 1036 3603 umbre
1057 3571 1110 3604 nun
1128 3557 1280 3620 projiciatur
1296 3564 1374 3608 estrs

282 3631 343 3679 Nou
355 3637 443 3694 potest
457 3631 537 3694 igitur
554 3630 623 3680 idem
641 3645 697 3680 esse
712 3629 805 3680 Archi·
845 3629 934 3680 baseos
953 3631 1030 3693 ipsius
1047 3631 1190 3694 quadrum
1212 3633 1302 3696 sicque
1320 3633 1372 3682 ‘suh

281 3711 379 3766 tectus,
389 3706 432 3768 qui
443 3704 628 3755 Alexandriam
637 3711 748 3755 ineratus
757 3712 807 3767 ast,
846 3710 977 3754 structura
987 3704 1133 3768 Pyramidis
1142 3707 1233 3769 lateat,
1243 3707 1327 3758 donec
1339 3709 1373 3760 ad

281 3788 310 3832 ¹ot
327 3782 451 3843 templum
465 3781 588 3831 Arsinois
603 3782 651 3831 sub
661 3783 758 3832 exitam
769 3783 806 3831 vi·
846 3779 1308 3846 eandemquadragesimnmquintum
1314 3798 1376 3846 gra·

281 3863 317 3906 tre
335 3855 498 3919 Philadelphi
512 3857 580 3920 regis
591 3857 728 3906 inchoarit.
762 3859 806 3907 Vi·
846 3855 907 3902 dum
925 3867 1035 3917 vespere
1050 3856 1229 3906 descendendo
1246 3872 1374 3920 pervene-

281 3932 374 3980 cinitas
395 3930 506 3980 fortasse
526 3931 655 3979 nominum
677 3932 704 3980 in
726 3946 807 3981 caasa
846 3929 890 3978 rit.
932 3930 968 3977 Et
978 3935 1050 3991 tunc,
1061 3930 1275 3992 quemadmodum
1286 3946 1374 3994 mane,

281 4003 341 4067 suit,
351 4013 381 4054 ut
392 4005 619 4056 confunderentur.
637 4005 805 4056 Architectas
847 4011 983 4068 antequam
1002 4007 1034 4054 ad
1050 4007 1121 4056 illum
1135 4008 1306 4071 pervenisset,
1317 4009 1374 4073 api·¹

274 4073 807 4145 ¹AlexandriaevocabatarDiuocrates,at
847 4079 884 4129 cis
906 4079 996 4130 umbra
1019 4087 1094 4132 extra
1119 4081 1203 4138 hasim
1223 4082 1374 4145 Pyramidia
