3034 4878
264 359 329 428 886
527 369 788 421 nnnnrsmcnr
814 371 862 420 nn
886 367 1084 420 menemus.

754 509 860 562 NOTAE

265 611 376 662 immeria
386 614 515 674 gestante,
526 609 602 660 Inidia
613 608 702 670 inetur,
711 621 788 673 qnam
826 620 894 666 nere,
905 607 959 672 qui,
979 607 1011 655 ob
1030 607 1149 668 pinguem
1162 606 1231 656 dorai
1243 609 1354 660 extube-

265 690 376 739 Veteree
385 683 539 737 continuatio
549 699 597 748 per
608 698 701 746 corpnn
713 697 787 732 omne
826 683 962 744 rationem,
978 681 1058 731 ubera
1074 682 1143 732 ferre
1153 683 1263 732 humeris
1280 686 1353 734 dica-

264 763 386 812 nberibnr
395 760 528 810 densatam
538 757 699 808 effinxerunt.
717 757 787 808 Hnio
826 765 877 810 tur.
892 759 979 808 Minna
989 759 1058 808 enim
1071 760 1109 808 ita
1120 759 1234 817 comeret
1244 760 1285 810 trio
1295 775 1354 810 ver·

265 851 315 902 ego
334 835 418 901 potins
437 835 599 894 accederem,
617 847 693 898 qnam
713 835 787 882 Lem·
825 834 920 885 eionlne
931 849 988 884 cnm
999 835 1093 897 priore.

264 911 339 964 becio
351 911 503 961 verriculum
522 911 664 980 exponenti
683 909 716 960 de
732 909 786 959 An·

657 1085 698 1136 IN
715 1086 954 1138 DECEMBREM.

296 1201 451 1251 Decennnn
462 1199 570 1251 amictna
580 1206 608 1249 et
619 1199 727 1249 restitns
739 1200 826 1249 tunica
836 1199 963 1265 breviore,
979 1214 1044 1250 zona
1061 1199 1113 1249 alte
1132 1199 1289 1262 ancoinctur,
1310 1201 1351 1250 fa·

265 1297 319 1332 com
332 1282 463 1333 ardentem
480 1289 559 1332 tenet.
593 1281 684 1330 Coram
702 1282 728 1330 in
746 1295 834 1330 menna
846 1289 959 1332 tesserae.
994 1282 1140 1331 Cermrntnr
1157 1296 1218 1332 area
1240 1282 1350 1346 pedibus

264 1377 401 1427 cnopenme,
413 1370 440 1414 et
451 1360 796 1427 pnrnaduohnmijacentie.
1155 1357 1160 1368 '

655 1510 953 1558 TETRASTIGHON.

348 1612 469 1676 Annua
483 1611 621 1676 sulcotoe
638 1613 792 1696 conjecta
806 1618 839 1675 et
852 1613 976 1675 semine
994 1616 1090 1675 terrae

391 1712 508 1776 Pascit
523 1712 661 1796 Hyems.
705 1712 827 1776 Pluvio
843 1713 885 1776 de
900 1712 989 1777 Jove
1003 1719 1121 1777 cnncta
1136 1713 1274 1777 madent.

311 1851 317 1860 ·
347 1813 462 1877 Aurea
473 1832 559 1876 nuno
571 1819 705 1879 revocat
720 1813 855 1877 Saturni
869 1813 956 1878 sesta
972 1813 1165 1878 December.

391 1905 426 1979 N
427 1935 490 1980 unc
504 1912 566 1980 tibi
580 1935 656 1982 cnm
671 1915 802 1994 domino
815 1917 942 1994 ludere,
956 1935 1067 1996 verna,
1081 1917 1169 1980 licet.

751 2064 857 2115 NOTIE

295 2168 309 2212 l
328 2161 582 2224 Cordeetoetaeminn]
599 2161 785 2214 Graevio'l'om.
825 2165 1043 2227 anrimpraeatare.
1067 2158 1263 2210 ‘concredere'
1280 2161 1348 2209 enim

262 2245 286 2291 8.
310 2236 438 2302 Antiquit.
456 2237 555 2287 intrnaa
573 2238 676 2288 videtur
694 2241 787 2302 copula
826 2252 877 2288 non
895 2236 1054 2301 semelapnd
1069 2236 1177 2296 Tullium
1196 2235 1282 2298 legere
1297 2244 1348 2295 est,

262 2321 303 2374 et,·
321 2315 414 2364 merito
435 2314 547 2378 quiden.
586 2314 661 2364 Idem
681 2322 787 2365 annotet
825 2315 887 2379 quin
907 2313 985 2364 etiam
1004 2311 1072 2376 apud
1090 2311 1200 2360 eundem
1223 2313 1348 2374 reperies,

262 2393 289 2441 in
312 2391 451 2445 Ceteieotia
476 2391 569 2455 scalig.
589 2395 617 2440 et
633 2392 666 2440 Ρ.
689 2391 784 2440 Pithoei
827 2385 873 2453 prd
884 2390 976 2439 Roscio
988 2388 1046 2438 Am.
1063 2387 1202 2436 ‘Fortnnoe
1218 2385 1349 2434 concredi-

262 2465 386 2529 aeriptnm
397 2462 592 2525 fuiaeecom'coti,
610 2470 638 2513 et
648 2465 674 2512 in
687 2455 784 2515 Pithoe-
825 2463 867 2513 ta!
900 2465 976 2512 Dixit
993 2477 1093 2526 quoqne
1112 2461 1186 2523 Virg.
1205 2459 1305 2510 AEncid.
1318 2473 1348 2509 x.

263 2553 320 2590 anae
350 2539 469 2588 editionis
501 2538 616 2603 margine
638 2539 784 2603 appositum
825 2552 891 2588 vere.
903 2543 959 2588 286.
972 2535 985 2566 '‘
997 2539 1046 2587 Vei
1058 2537 1151 2602 quibua
1162 2537 1281 2586 obtensos
1291 2549 1350 2599 poe·

263 2631 316 2666 cam
331 2615 407 2675 jectu
432 2619 568 2676 utrumqne
588 2620 673 2662 aretem
695 2627 785 2662 cerere
825 2614 859 2662 ait
870 2613 1027 2662 concredere
1039 2611 1141 2662 murce!

263 2689 392 2740 uenientia
412 2688 552 2740 commoda.
581 2686 660 2736 Unde
680 2687 786 2749 conjicit
857 2693 873 2737 2
890 2689 973 2736 Pinnio
989 2690 1017 2736 de
1036 2687 1107 2748 Jooe]
1129 2687 1217 2736 Docet
1238 2687 1348 2738 Lambe-

262 2763 400 2829 iegendnm
413 2763 651 2827 concoenantem
662 2769 748 2812 tamen
759 2763 786 2811 in
824 2765 890 2824 cine,
908 2763 1000 2815 Jovern
1020 2763 1131 2824 plnrinm
1154 2763 1289 2824 eleganter
1310 2765 1349 2812 in-

264 2853 292 2889 ne
311 2839 427 2901 recipere
442 2838 551 2888 Potitum
567 2839 615 2886 hec
633 2851 695 2887 vnce
706 2853 787 2888 neum.
826 2840 953 2901 sculptum
966 2838 1103 2886 etiamnum
1124 2837 1216 2887 Romae
1227 2838 1348 2900 wectari,

263 2917 360 2967 Verum
372 2916 422 2966 etei
433 2915 477 2965 illa
491 2927 615 2980 nusquam
636 2915 662 2964 in
679 2914 786 2964 Ausonii
826 2927 856 2962 ao
868 2912 1025 2962 delineatum
1045 2919 1135 2961 extare
1154 2911 1222 2979 epod
1240 2912 1348 2963 Bononi-

265 2991 367 3055 rertptie
389 2990 510 3055 occurrit,
530 2990 627 3041 Graevii
650 2989 786 3042 lectionem
826 3003 868 3040 um
880 2987 906 3038 in
918 2988 1053 3038 acticanni
1065 2991 1251 3040 monumen.
1273 3011 1298 3058 rm·
