3034 4878
365 469 403 516 ru
428 465 688 516 unrnssrrcns
714 466 762 512 nn
785 463 986 514 unsarans
1156 447 1219 514 881

292 687 510 736 SUBJEGTUM
534 685 639 736 tuom
661 686 734 734 troc
757 683 1058 734 ununasutcrsott.

172 871 175 876 ,
220 801 287 868 Hic
302 803 325 869 J
328 804 380 868 aui
394 804 518 868 mensis
532 822 629 868 sacer
643 810 704 868 est.
749 801 801 866 En
816 801 943 886 aspice,
959 801 1076 868 utaris

258 905 349 969 Tura
362 905 499 970 micent:
523 911 654 970 sumant
667 913 706 969 ut
719 905 778 988 pia
787 911 862 970 tura
873 904 987 970 Lares.
1079 921 1085 928 ’

216 1003 398 1083 Annorum,
414 1007 575 1090 saeclique
589 1009 699 1088 caput,
712 1006 834 1070 natalis
848 1007 1009 1070 honorum

260 1107 452 1192 Purpureos
465 1107 577 1174 Fastis
586 1108 643 1191 qui
655 1113 806 1173 numerat
820 1126 984 1191 proceres.

622 1269 732 1322 NOTAE

165 1365 657 1432 2Turn]1tnscriptnnrreperi,etdu·
697 1365 787 1416 lendes
812 1365 1021 1429 Jannnrins‚.itu
1048 1365 1224 1430 metaphorice
1320 1409 1322 1414 .

130 1443 195 1507 plici
207 1444 305 1493 ratione
316 1443 385 1507 apud
395 1443 522 1508 Antiquos
533 1444 658 1507 scriptum
698 1442 792 1505 dictas,
807 1441 877 1506 quod
896 1442 956 1490 olim
972 1440 1046 1491 iners
1065 1442 1145 1492 veluti
1157 1442 1223 1491 Con·

132 1519 255 1568 occurrit.
296 1519 359 1568 mo
379 1533 437 1568 cum
460 1519 659 1582 aspiratione'n
698 1517 796 1565 tulatus
816 1529 1009 1578 annuorumque
1025 1516 1224 1578 Magistratuum

133 1593 215 1642 verbo
228 1591 297 1658 tiso,
315 1608 346 1642 ec
363 1593 411 1641 ibn
427 1593 481 1641 tine
491 1591 658 1655 aspiratione,
697 1581 807 1642 initium.
854 1593 913 1642 Qua
939 1595 1042 1643 demum
1066 1601 1144 1644 aetnte
1169 1611 1224 1646 moe

133 1667 208 1732 qnasi
224 1667 373 1715 otuudeado.
405 1664 472 1714 Vide
490 1665 659 1729 Deusqnium.
697 1665 741 1714 ilie
760 1665 912 1728 obtinuerit,
929 1667 1039 1718 diximus
1059 1670 1091 1719 ad
1111 1673 1223 1722 ‘Preca-
1319 1734 1322 1738 ἱ

167 1747 183 1792 t
206 1741 303 1792 Notata
319 1740 441 1803 boumn]
462 1739 587 1803 Intellige
604 1739 658 1790 Kn-
696 1739 792 1790 tionem
801 1740 950 1792 consumet

528 1937 567 1990 IN
586 1935 832 1990 secandarum.

168 2036 237 2085 Icort
258 2015 363 2085 exhibet
379 2035 513 2085 mutierem
535 2035 686 2098 tunicatam,
707 2049 772 2086 sona
794 2036 970 2099 praecinctam.
1011 2036 1132 2088 Manibus
1152 2044 1225 2088 tenet

136 2115 259 2166 Auatem.
292 2117 352 2168 Qua
362 2116 412 2177 avi,
424 2116 461 2166 uti
478 2123 505 2166 et
513 2129 576 2166 urna
585 2115 694 2166 imbrem
704 2115 851 2180 emittente,
859 2116 988 2168 iudicatur
998 2118 1092 2168 mensis
1102 2117 1224 2170 imbribus

136 2195 270 2247 obnoxius.
304 2193 347 2244 Ad
355 2195 437 2245 latera
446 2195 525 2246 babet
533 2195 593 2245 binc
603 2193 717 2244 Ardeam
728 2196 868 2260 palustrem
879 2210 961 2260 avem,
973 2195 1033 2248 inde
1043 2197 1149 2260 piscem.

531 2305 831 2388 nnrnasnrcrrou.

224 2437 271 2503 At
285 2459 383 2522 quem
398 2441 563 2504 coeruleus
574 2440 665 2504 nodo
676 2442 867 2524 constringit
877 2442 1031 2522 amictus
1049 2523 1051 2530 Ι

269 2539 405 2626 Quique
418 2539 641 2625 paludicolam
657 2541 816 2624 prendere
830 2543 954 2626 gaudet
967 2565 1073 2623 avem,

226 2641 368 2708 Daedala
381 2663 478 2726 quern
486 2642 581 2726 jactu
593 2643 711 2725 pluvio
726 2645 943 2710 circumvenit
957 2647 1034 2724 Iris,

269 2741 434 2805 Romuleo
448 2743 516 2805 ritu
531 2743 663 2805 Februa
676 2743 803 2806 mensis
818 2743 929 2808 habet.

629 2895 738 2948 NOTAE

86 3051 90 3058 ,
116 3035 123 3050 .
173 2991 325 3055 aDoedolu]
351 2991 376 3042 Α
399 2992 531 3044 δαιδάλλειν
556 2995 664 3048 vadare.
735 2993 882 3058 osana}
904 2996 948 3046 Sic
974 2996 1137 3060 appellantur
1159 3011 1229 3062 quee-

90 3073 105 3097 *
140 3069 236 3120 itidem
248 3067 667 3134 Poetadieit‘Dtedslam’prop·
704 3085 815 3136 cumque
825 3071 950 3122 lustrandi
962 3073 1017 3122 sive
1033 3074 1155 3137 expiandi
1171 3090 1231 3124 cnu-

141 3146 277 3272 qeerdgptqios
288 3146 389 3196 coloret
404 3159 468 3211 qnos
483 3145 592 3197 adverso
606 3147 666 3258 dote
705 3161 781 3272 ἷζε.
789 3148 922 3199 sacrificiis
940 3147 1001 3202 alim
1018 3148 1141 3199 adbibita
1157 3149 1229 3200 Ian·
1252 3199 1255 3208 ,

566 3399 609 3450 ΙΝ
625 3397 806 3453 mannum,

175 3491 316 3544 Mincium
330 3495 550 3558 repraesentatur
560 3495 640 3560 Lupus
653 3497 721 3561 petie
732 3496 861 3560 obtectus,
875 3500 903 3546 et
912 3509 977 3546 sons
986 3497 1151 3561 praecinctus.
1183 3497 1231 3546 Ce·

142 3575 225 3620 terum
236 3573 295 3622 icon
305 3574 406 3639 singnis
421 3576 659 3640 exbibet‘symbcis
676 3591 734 3642 ques
747 3575 875 3628 habentur
889 3577 916 3626 in
926 3577 1100 3626 Tetrasticbc:
1119 3573 1231 3624 Haednm

143 3653 321 3721 petulantem
336 3658 465 3719 garrulam
477 3657 648 3708 Hirundinem
660 3673 736 3723 quam
747 3651 829 3723 digito
841 3658 879 3708 vir
889 3663 1029 3716 monstrem
1040 3655 1123 3704 sinum
1134 3651 1216 3703 iactis.

537 3815 840 3866 TETRASTIOHON.

233 3911 387 3980 Cinctum
401 3914 487 3996 pelle
501 3915 608 3996 Lupec
623 3921 789 3997 promtum
804 3919 856 3979 est
866 3933 1065 3995 cognoscere
1076 3932 1232 3980 mensem.

275 4013 370 4080 Mars
384 4016 441 4079 olli
455 4035 585 4081 nomen.
630 4017 725 4081 Mars
738 4015 830 4082 dedit
839 4015 989 4079 exuvias.
1112 4012 1115 4017 ’

210 4127 213 4132 ·
231 4115 382 4202 Tempus
398 4115 478 4195 Ver,
495 4115 807 4206 HaeduspetuIans,
821 4121 853 4180 et
867 4115 995 4198 garrula
1009 4113 1162 4182 Hirundo

276 4217 417 4296 Iudicat,
431 4224 464 4285 et
473 4219 565 4284 sinus
577 4218 688 4293 lactis,
704 4221 739 4282 et
752 4217 853 4282 herba
867 4217 986 4284 virens,

211 4332 474 4397 boutavanum.
635 4333 737 4396 Ausa„
1111 4331 1170 4382 stt
