3000 4882
469 385 697 433 anarrnauru
715 385 843 433 *norro
1135 371 1200 434 797

91 523 323 613 'praedicanda
337 534 423 605 sunt,
446 549 467 592 a
482 549 535 593 me
551 530 754 615 poscendam
775 549 848 593 csse
870 530 1100 607 notitiam‚'ab
1124 529 1200 594 aliis

107 631 311 712 dignitatem.
370 629 447 695 Nec
482 631 697 707 excellentia,
730 631 789 694 scd
819 632 1014 714 quotidiana
1040 633 1201 698 tractabo.

107 733 163 798 63.
186 731 325 796 Nullum
354 736 412 796 tu⁹
441 752 589 815 unquam
619 732 706 796 diem
729 734 772 796 ab
795 734 1021 798 adolescentia
1042 739 1111 810 tua,
1136 735 1202 797 nisi

110 833 249 898 adorato
265 833 332 897 Dei
347 834 494 911 numine,
505 842 539 899 et
553 849 631 898 raus
646 835 728 910 voti,
744 838 780 896 ct
794 834 883 897 illico
898 835 1074 900 absolutus
1089 815 1203 916 egisti3

103 935 207 1000 lautis
228 934 393 1011 manibus,
415 941 524 1000 mento
546 954 640 1018 pura,
662 935 901 999 immaculabili
911 943 960 981 ¹⁰⁸
981 936 1199 1013 conscicntia,

107 1045 152 1114 ct,
175 1034 313 1118 quadiu
330 1037 450 1116 paucis
466 1042 527 1112 cst,
551 1035 752 1117 cogitatione
769 1036 910 1100 sincera.
953 1037 1005 1100 64.
1022 1035 1126 1120 Cujus
1142 1057 1202 1101 au·

107 1147 177 1202 tem
191 1155 340 1218 unquam
355 1156 507 1222 egressus
521 1137 725 1219 auspicatior
737 1136 812 1212 tuit,
835 1142 893 1200 aut
910 1138 1058 1201 incessus
1071 1138 1204 1201 modes-

106 1239 183 1317 tior,
206 1243 264 1302 aut
284 1236 443 1302 habitudo
460 1238 647 1313 cohibitior,
670 1244 730 1300 ant
749 1237 922 1301 familiaris
934 1238 1064 1302 habitus
1079 1239 1202 1302 conde·

107 1343 245 1417 cantior,
268 1346 327 1403 aut
355 1339 510 1404 militaris
541 1339 745 1403 accinctiori
791 1339 831 1402 ln
853 1340 1039 1403 exercendo
1066 1359 1203 1424 corpore

108 1445 185 1528 quis
200 1461 333 1507 cursum
350 1449 417 1504 tam
433 1441 612 1525 perniciter
625 1440 800 1504 incitaritl
830 1439 916 1518 Quis
927 1441 1120 1522 palaestram
1135 1451 1204 1506 tam

108 1546 256 1610 lubricus
270 1542 465 1626 expediritl
510 1537 731 1620 Quis'saltnm
747 1542 781 1604 in
796 1546 863 1605 tarn
886 1542 1030 1605 sublima
1047 1543 1203 1624 collegitt

110 1648 221 1713 Nemo
236 1645 416 1710 adductius
429 1641 473 1681 ¹¹¹¹
483 1643 597 1727 jacula
613 1643 783 1719 contorsit,
797 1662 895 1705 ncmo
911 1642 1044 1724 spicula
1057 1644 1204 1706 crebrius

103 1748 200 1832 jecit,
215 1751 271 1811 aut
287 1747 410 1811 certius
423 1745 591 1809 destinata
606 1741 792 1825 percussit.i
809 1760 812 1766 ·
827 1744 881 1808 65.
904 1743 1111 1808 Mirabamur
1125 1745 1205 1828 poii-
1258 1737 1261 1741 ’

104 1941 231 2002 petendam
241 1951 289 1990 esse
299 1956 315 1988 a
324 1954 361 1988 me
371 1939 527 2001 cognitionem
534 1953 622 2001 comm,
637 1954 689 2002 quoe
700 1939 817 1988 nuMnda
828 1937 925 1988 amiani
937 1937 962 1988 in
972 1943 1015 1988 tua
1025 1939 1075 1989 cita
1085 1937 1206 2000 interiore,

108 2003 138 2051 ab
149 2004 203 2051 aliis
220 2019 273 2052 aera
290 2005 414 2066 petendam
432 2019 482 2052 esse
500 2019 579 2053 eorum
598 2003 780 2052 exornationem.
814 2005 896 2067 Neque
913 2003 1093 2052 commemorabo
1110 2019 1138 2052 ea
1154 2017 1205 2066 oua

108 2069 212 2117 eminent
222 2070 286 2117 inter
296 2073 384 2128 cetera,
399 2070 499 2131 sedans
509 2067 609 2129 singolis
618 2067 698 2117 dicim
702 2067 775 2126 sacis.
811 2067 847 2115 Tu
857 2069 945 2116 nullum
956 2083 1057 2129 unqunm
1067 2067 1205 2128 transegisti

108 2133 172 2180 diem
182 2133 212 2180 ab
222 2133 374 2181 adolescentia
384 2137 425 2181 tun
436 2133 493 2195 quin
504 2137 626 2181 pennatus
635 2132 669 2180 sis
680 2131 730 2180 Dei
741 2131 901 2196 Maiestatem,
913 2138 936 2181 et
947 2133 1116 2194 nuncupaveris
1127 2136 1205 2178 ettam

107 2195 212 2260 aliquod,
228 2199 287 2259 cuod
297 2196 380 2245 statim
388 2197 549 2259 persoluetur:
567 2196 672 2245 manibus
683 2194 778 2256 ablutis,
789 2194 865 2244 animo
876 2198 970 2257 mundo,
988 2191 1127 2244 conscientia
1137 2209 1205 2257 pura,

108 2265 142 2314 et,
159 2263 256 2322 modin
267 2261 349 2324 panem
358 2261 485 2324 reperitur,
501 2262 600 2309 candido
609 2265 709 2322 pectore.
745 2260 881 2320 emeseno
891 2275 992 2323 unquam
1009 2260 1088 2307 exitus
1106 2261 1130 2306 in
1149 2257 1207 2319 pub·

109 2325 179 2372 licum
183 2325 237 2384 fait
246 2325 349 2374 melioris
359 2325 454 2384 ominis,
472 2327 509 2373 aet
521 2339 615 2385 gressus
632 2324 765 2384 modestior,
781 2325 818 2373 ael
836 2324 929 2373 nalitus
944 2325 1047 2385 corporis
1065 2323 1207 2382 concinnior,
1276 2333 1280 2344 ·

108 2389 146 2436 ael
157 2389 255 2437 uestitus
265 2391 402 2438 domesticus
413 2389 490 2450 magis
500 2391 590 2449 ments,
605 2389 641 2436 ael
651 2389 745 2436 bellicus
760 2384 911 2452 expeditior?
928 2389 954 2437 in
970 2388 1074 2450 corporis
1092 2387 1208 2435 exercitu·

108 2453 212 2500 tionibus
222 2454 273 2552 puis
282 2455 423 2529 acceleravit
431 2468 523 2502 cursum
533 2458 582 2501 tam
593 2449 721 2501 veramne
757 2453 818 2507 Quis
828 2452 955 2528 euplicaait
965 2467 990 2526 re
1000 2457 1049 2528 tam
1067 2451 1165 2511 agiliter
1181 2452 1208 2498 in

110 2518 234 2566 luctando.
275 2518 336 2573 Ques
347 2518 435 2566 extulit
445 2519 530 2566 saltum
540 2523 590 2565 tam
601 2514 667 2565 alte?
702 2517 777 2566 Nemo
794 2518 878 2564 melius
896 2516 997 2564 miranti
1007 2515 1091 2576 nucula
1107 2517 1207 2562 adducto

111 2582 207 2644 lacerta,
224 2597 288 2631 nemo
299 2580 365 2630 misit
382 2581 485 2643 sagittas
502 2582 608 2644 spissius,
624 2595 698 2644 aeque
712 2581 801 2630 certius
819 2581 904 2642 attigit
922 2591 1026 2644 scapum.
1058 2577 1207 2628 Mirabantur

112 2825 130 2870 9
147 2820 246 2870 Nullum
257 2827 281 2870 te
294 2822 428 2885 vulg-1⁰
445 2819 718 2871 A1.smnaaata.-1r
739 2819 868 2870 diductius
878 2819 949 2882 vulg.
966 2818 1025 2868 vid.
1037 2819 1101 2868 Not.
1111 2819 1208 2868 Van-a

606 2962 718 3016 NOTAE

147 3085 160 3120 t
176 3077 359 3140 Immaculabile]
375 3077 433 3127 Vox
445 3076 575 3128 inferioris
594 3079 643 3127 La·
714 3075 720 3108 ¹
735 3075 785 3124 Aut
794 3073 882 3123 catius
893 3074 1012 3123 destinata
1020 3071 1148 3134 parumn]
1159 3071 1209 3120 Ea·

115 3154 237 3204 tinitatis.
683 3153 740 3201 dem
761 3151 893 3201 (ledrensis
916 3150 949 3198 de
970 3149 1209 3210 Gratiano,eadenr

147 3229 162 3260 '¹
189 3229 359 3278 immaculabili
378 3229 529 3292 canscientia]
557 3229 643 3278 Docet
683 3224 1005 3284 Ammianus,sedririoei
1021 3230 1134 3273 vertens.
1167 3223 1210 3272 Sic

114 3305 268 3356 Ambrosius
297 3305 368 3354 Psat.
386 3310 427 3356 61.
457 3305 522 3355 adeo
544 3311 642 3354 castum
683 3307 751 3356 enim
770 3304 816 3357 lib.
840 3317 919 3353 xxxi.
936 3302 970 3352 de
991 3316 1037 3351 eo:
1055 3301 1210 3350 ‘Praeclara

113 3379 194 3429 fuisse
206 3381 367 3438 Gratianum,
379 3388 407 3428 nt
418 3381 512 3430 nullius
529 3379 642 3428 farcina
682 3381 775 3431 indolis
792 3375 952 3441 adolescens,
963 3377 1097 3434 facundus,
1114 3383 1141 3425 'st
1158 3390 1212 3425 mo·

115 3455 301 3506 consuetudine
318 3471 377 3504 ustis
389 3457 433 3517 sit,
451 3455 501 3504 nisi
520 3455 644 3504 Constan-
684 3456 798 3518 deretur,
824 3463 852 3505 et
871 3456 1018 3516 bellicosus,
1036 3462 1064 3503 et
1082 3453 1211 3512 clem'cns3

116 3532 161 3581 tta
181 3532 326 3580 &artandi
345 3531 405 3581 tilia
428 3542 503 3596 qurum
523 3531 643 3579 (tarxerat.
684 3533 717 3581 ad
734 3531 923 3582 annotationem
937 3532 1063 3580 lectorum
1080 3529 1212 3592 progredi-

116 3606 193 3656 Unde
205 3607 241 3655 D.
262 3607 440 3655 Constantium
459 3612 594 3669 parentem
606 3619 646 3652 su·
685 3623 730 3657 ens
748 3607 904 3671 principata,
916 3607 975 3655 dum
987 3601 1129 3654 etiamtum
1141 3605 1212 3650 lantr-

116 3697 159 3736 tnu
169 3683 284 3746 appettat
295 3682 320 3729 in
332 3683 414 3730 literis
426 3681 459 3730 ad
471 3679 620 3729 Ausoniam.
685 3697 717 3746 go
730 3683 802 3746 genis
814 3683 958 3744 inserperet
978 3679 1104 3741 speciosa,
1116 3676 1146 3724 ni
1154 3679 1212 3722 ‘vem

149 3758 161 3791 l
186 3759 262 3808 Nemo
288 3756 424 3820 adductius]
452 3756 494 3804 Sic
513 3753 645 3804 Acidalius
686 3772 747 3822 gens
760 3759 784 3806 in
796 3757 947 3806 ludibriosos
963 3761 1036 3802 actus
1048 3750 1213 3812 natrirs,lax·

118 3835 228 3898 conjicit
238 3848 285 3898 pro
294 3834 424 3896 audatius,
433 3832 507 3881 bene.
519 3830 592 3892 Virg·
602 3830 645 3878 Ε·
686 3832 789 3882 antibus
817 3830 952 3896 proximis,
978 3834 1060 3875 semet
1083 3825 1114 3874 ad
1147 3839 1213 3872 vana

117 3910 187 3960 neid·
199 3923 225 3958 v·
259 3906 342 3958 ‘Post
358 3922 420 3958 acer
437 3905 590 3956 Mnestheus
602 3904 646 3953 ad·
686 3908 770 3957 studia
788 3907 902 3956 Caesaris
922 3901 1055 3952 Commodi
1072 3900 1213 3948 convertis·

118 3989 198 4037 ducto
227 3985 345 4036 constitit
372 3999 435 4034 arcu
457 3983 518 4032 Alta
538 3981 647 4045 petens-¹
687 3991 735 4033 set.
778 3982 815 4031 Ut
837 3981 903 4029 enirn
926 3979 978 4037 ille,
1001 3977 1060 4040 quia
1085 3975 1212 4038 perimere

118 4063 172 4114 Ubi
193 4062 296 4112 Seruius
325 4060 501 4124 Hypullugen¹
512 4071 570 4107 esse
590 4054 646 4117 ait;
683 4057 778 4123 jaculis
789 4055 909 4119 plurimas
929 4053 996 4102 feras
1009 4058 1143 4114 spectante
1155 4065 1215 4098 con·

118 4141 126 4168 ⁴
138 4137 214 4199 nam,'
232 4136 325 4200 inquit,
342 4138 350 4165 ‘
363 4135 499 4186 adducitur
508 4134 597 4198 telum,
608 4149 647 4183 ar·
689 4139 810 4182 suevcrat
821 4131 925 4195 populo,
936 4137 964 4178 ct
974 4131 1079 4176 'centurn
1088 4127 1175 4175 leones
1186 4127 1213 4173 in

121 4229 167 4263 cus
184 4212 344 4263 intenditur)
689 4205 905 4272 Amphitheatrali
925 4201 1023 4255 circulo
1044 4202 1119 4252 simul
1141 4203 1214 4252 emis·
