3034 4878
532 360 584 407 nn
607 357 820 410 ausonium
1157 346 1222 412 863

131 498 322 564 erubescitl
367 497 456 577 Quid
472 499 565 584 quod
581 519 656 564 eam
668 521 736 565 rem
751 499 832 566 milri
852 503 1044 586 supersedit
1064 503 1221 588 ingerere,

131 622 234 686 quam
243 601 337 685 juste
362 601 405 666 ad
429 607 606 689 utrumque
619 611 760 668 noverat
774 605 963 687 pertineret
1006 605 1133 671 Verum
1146 627 1220 690 ego,

129 712 172 768 ut
183 704 339 786 religiose
361 705 429 768 ista
451 723 645 788 conqueror,
668 706 717 770 ita
742 706 884 770 libenter
904 708 1039 774 omitto:
1061 710 1140 792 quia
1158 729 1222 774 neu

131 805 239 870 amori
252 805 288 870 in
300 825 364 870 vos
378 823 454 871 meo
470 807 627 870 convenit
642 806 751 888 silere,
771 807 863 890 quod
879 808 1033 892 doleam
1053 830 1117 876 nee
1138 811 1226 876 ami·-

131 903 222 972 uitiae
235 908 365 972 meussi
379 908 505 973 doloris
517 909 655 974 transire
669 929 864 975 mensurum.
886 909 1007 978 Vnus.

419 1147 476 1195 111.
500 1147 735 1196 SYMMACHUS
758 1147 933 1198 AUSONlO.

170 1247 247 1311 Euo
263 1249 327 1312 etsi
340 1249 505 1313 continuis
525 1249 634 1314 literis
657 1249 815 1314 honorem
839 1259 933 1318 tuum
953 1255 1121 1320 celebrare
1144 1276 1222 1340 pos-

132 1367 214 1427 sem,
237 1370 306 1414 non
328 1350 413 1415 satis
433 1351 514 1416 mihi
531 1352 668 1431 viderer,
692 1371 853 1436 proquam
873 1374 926 1420 res
946 1357 1110 1438 postulat,
1128 1358 1222 1440 fungi

130 1450 280 1516 debitum
294 1471 423 1516 meum:
445 1458 572 1518 tautum
593 1454 697 1531 abest,
721 1459 760 1518 ut
779 1474 914 1538 operam
939 1457 1146 1524 assiduitatis
1165 1479 1223 1524 ex·

130 1553 294 1637 probrem.
339 1554 407 1619 Sed
420 1560 458 1619 ut
470 1555 532 1619 hue
548 1574 631 1619 meae
651 1557 861 1622 verecundiae
885 1561 1063 1641 competit;
1085 1562 1134 1626 ita
1153 1567 1221 1628 tuae

130 1653 347 1721 humanitatis
370 1663 435 1735 est,
458 1656 604 1720 studium
633 1663 782 1722 nostrum
805 1660 881 1741 pari
909 1661 1019 1742 gratia
1048 1663 1221 1728 sustinere.

129 1753 376 1835 Animadverte,
403 1777 471 1840 quo
497 1757 608 1823 tendat
635 1778 766 1823 summe
789 1761 971 1824 verborum.
1015 1761 1223 1828 Jamdudum

125 1855 631 1942 nihilmbuis,qu0d1egamus.
671 1859 798 1925 Totum
814 1881 879 1938 me,
903 1863 1047 1946 inquies,
1074 1865 1220 1931 emanci-
1239 1929 1243 1938 ,

128 1958 226 2040 pavit
238 1960 304 2024 sibi
317 1979 396 2026 cura
419 1961 583 2026 Praetorii.
626 1962 750 2028 Verum
766 1967 833 2043 est3
855 1964 974 2046 potiris
1000 1968 1121 2031 merito¹
1134 1987 1221 2031 sum-

126 2079 184 2132 ma
191 2060 348 2143 judicia.a
389 2061 454 2125 Sed
468 2063 634 2128 maximas
649 2064 771 2146 ingenii
782 2067 833 2128 tui
851 2066 937 2130 vires
949 2067 1081 2132 fortuna
1097 2088 1220 2152 magna

126 2183 194 2228 non
209 2169 332 2230 onerat.
375 2165 519 2230 Proinde
532 2165 586 2230 his
601 2168 702 2230 etiam
716 2168 817 2230 rebus
831 2168 978 2248 intende,
1002 2191 1077 2254 qnae
1100 2171 1150 2235 ita
1165 2180 1223 2236 oc-¹

126 2266 262 2347 eupatis
276 2265 358 2329 nihil
371 2267 535 2332 molestiae
550 2267 700 2347 afferunt,
722 2276 761 2334 ut
782 2271 875 2353 ipsas
890 2272 1061 2336 molestias
1076 2271 1222 2359 plerum

132 2386 197 2449 que
213 2368 369 2439 solentur.
394 2367 513 2434 Vaun.
995 2395 998 2401 ¹

622 2501 728 2553 NOTAE

160 2596 282 2645 *Potitia
306 2611 396 2646 summu
414 2595 520 2661 judicia]
551 2598 656 2648 Rectius
695 2598 785 2650 refert.
818 2599 994 2650 Hiuclurod.
1007 2601 1104 2652 Thend.
1125 2603 1168 2654 lib.
1188 2605 1222 2655 de

129 2686 188 2721 meu
198 2672 327 2721 sententia
338 2671 453 2734 duratus,
465 2673 508 2736 qui
520 2673 582 2734 legit
595 2688 657 2722 rum·
696 2673 784 2738 Epire.
796 2675 883 2725 Judie.
903 2674 935 2724 ad
950 2674 1087 2724 Ablavium
1106 2677 1223 2729 Prael'ee·

128 2748 267 2811 mejudicii,
284 2754 361 2813 atque
373 2747 405 2796 ad
419 2749 572 2812 dignitatern
583 2751 656 2798 Prae·
696 2755 750 2797 tum
760 2749 889 2797 Praetorio
899 2748 1022 2811 scribens,
1039 2751 1046 2778 ‘
1057 2750 1101 2814 qui
1111 2752 1223 2816 judicio-

128 2823 191 2875 fectl
202 2824 339 2888 Praetorio,
355 2838 405 2889 qua
415 2822 510 2874 claruit
517 2822 655 2888 Ausonius,
696 2823 771 2886 rum,’
780 2824 826 2886 ait,
839 2827 980 2873 ‘summum
990 2825 1104 2875 tenetis!

423 3042 475 3090 iv,
497 3040 730 3090 SYMMACHUS
754 3040 931 3090 Ausonia.

173 3146 280 3212 Beris
301 3163 341 3210 ae
364 3144 533 3226 sapienter
554 3142 697 3226 majores
711 3145 836 3220 nostri,
859 3150 897 3209 ut
921 3149 1001 3207 sunt
1021 3143 1089 3208 alia
1107 3144 1220 3210 atatis

127 3247 230 3325 illius,
252 3247 343 3314 aedes
370 3246 502 3312 Honori
528 3252 629 3329 atque
653 3244 779 3310 Virtuti
801 3246 943 3325 gemella
963 3244 1051 3310 faeie
1075 3245 1221 3329 junctim

126 3349 307 3429 nmium,
320 3346 506 3425 commenti,
528 3346 628 3429 quod¹
640 3347 676 3409 in
694 3350 726 3409 te
745 3345 908 3425 uidemus,
930 3347 977 3411 ibi
991 3365 1067 3412 esse
1081 3349 1222 3431 praemia

126 3449 276 3528 honoris,
297 3449 356 3512 ulii
378 3455 456 3514 sunt
478 3449 597 3514 merita
623 3448 766 3512 virtutis.
811 3447 878 3512 Sed
900 3450 987 3514 enim
1011 3457 1148 3534 propter
1161 3469 1224 3516 eas

129 3551 362 3619 Camoenarum
384 3550 501 3633 religio
527 3569 625 3616 sacro
650 3550 736 3615 sonti
758 3551 955 3632 advetulam
983 3553 1064 3636 quie
1088 3551 1155 3618 iter
1176 3551 1222 3614 ad·

128 3655 352 3737 capessendos
375 3653 592 3736 magistratus
616 3672 708 3736 saepe
734 3651 841 3718 literis
864 3661 1085 3736 promovetur.
1128 3651 1220 3716 Haec

127 3759 301 3838 pareutum
315 3755 469 3820 instituta
481 3753 684 3818 Consulatus
699 3753 746 3818 tui
761 3761 954 3837 argumenta
969 3759 1065 3817 sunt:
1080 3752 1135 3816 cui
1148 3771 1220 3816 mo-

127 3875 203 3924 rtun
214 3857 374 3939 gravitas,
396 3862 429 3924 et
448 3855 696 3938 disciplinarum,
709 3859 887 3932 vetustam
906 3855 1031 3922 eurulis
1053 3853 1145 3924 sellae
1168 3854 1223 3919 ine

514 4011 517 4018 ’
617 4017 726 4070 ΝΟΤΙΕ

159 4115 494 4181 ‘Disciplimneetualffl
504 4117 653 4181 Lugendum
693 4120 838 4180 opponatur
865 4120 987 4164 venustas
1017 4113 1219 4178 disciplinarum.

126 4199 191 4260 puto
211 4199 329 4257 emuntur,
352 4200 382 4244 ut
409 4207 507 4244 morum
530 4193 653 4256 grauitati
694 4192 789 4243 Omnia
810 4191 878 4242 enim
901 4189 975 4242 effert
997 4205 1045 4256 per
1065 4191 1220 4252 antithesim,
