2998 4884
585 362 765 408 soranis.

116 507 187 572 Aut
201 505 323 571 Italum
338 505 496 588 populos,
511 501 826 587 aquilonigenasque
842 504 1019 570 Britannos

116 599 398 674 praefecturarum
412 605 511 670 titulo
526 611 659 670 tenuem
674 607 840 672 secundos

117 709 257 790 Quique
271 712 375 790 caput
388 725 497 771 rerum
513 706 672 784 Romam,
689 708 927 792 populumque,
943 717 1121 792 patresque
1232 777 1233 782 ,

115 810 266 874 Tantum
280 817 347 873 nou
361 810 469 893 primo
483 811 572 874 rexit
590 811 655 874 sub
671 811 823 892 nomine;
845 812 999 894 quamvis
1147 812 1213 877 tlt)

117 994 210 1050 Italic,
221 999 262 1042 nat
272 994 404 1043 Butunaos
413 995 621 1056 septentrionales,
628 1008 681 1044 mut
690 993 821 1044 obtinerem
830 997 953 1044 mudum
966 994 1137 1054 Profectum
1145 995 1211 1044 Prec-

116 1058 184 1108 torli.
195 1059 228 1106 Et
236 1059 276 1106 tue
283 1061 322 1120 qut
330 1059 575 1119 guberauuitllomum
584 1059 724 1121 primarium
733 1058 854 1107 ciuitatem
860 1057 932 1119 orbis,
939 1063 962 1108 et
969 1058 1067 1122 plebem,
1075 1063 1098 1106 et
1106 1065 1213 1108 renotem

114 1122 158 1170 suu
172 1123 242 1172 tituto
253 1123 411 1171 tantumnodo
422 1137 468 1172 sua
475 1123 595 1186 percipe:
609 1122 799 1186 qamwipre
810 1123 951 1186 propuatm
964 1122 1043 1182 suerit
1058 1122 1214 1186 principibus,

613 1263 722 1317 NOTAE

147 1385 197 1432 llll
215 1381 265 1430 Aut
278 1381 367 1430 Italum
376 1379 482 1444 populos]
499 1380 645 1432 Praefectos
687 1379 816 1440 Consulis,
831 1386 860 1429 et
871 1379 937 1430 velle
952 1377 1093 1430 Auctorem
1103 1379 1213 1442 seipsum

115 1455 249 1506 Praetorio
273 1455 368 1518 italice,
394 1455 443 1505 sub
468 1456 560 1519 quibus
588 1463 646 1508 erat
685 1454 969 1518 describeretauquarn
982 1455 1126 1505 Consulem.
1159 1454 1212 1504 Nc·

115 1533 198 1582 etiam
210 1529 310 1582 Africa.
686 1545 736 1594 que
748 1532 815 1580 enin
828 1530 923 1580 comui
942 1528 1003 1592 fnit,
1021 1537 1050 1578 ut
1067 1543 1138 1592 saepe
1149 1527 1213 1578 disi·

147 1606 376 1670 Aqeitere'geasrqse
401 1607 544 1670 Britannus]
572 1608 646 1656 Prae·
686 1609 812 1670 mus‚nlsi
830 1621 896 1657 susc
906 1605 1214 1656 0000οωιοοωἣηὶ-

115 1680 203 1731 sectos
222 1681 352 1730 Praetorio
369 1681 472 1744 Gallie,
491 1682 539 1731 sub
554 1682 647 1748 quibus
687 1685 728 1732 aui
740 1684 883 1747 mortejarn
893 1681 975 1745 elapsi
986 1682 1140 1731 essentanni
1152 1695 1213 1745 qua-

116 1763 176 1806 erat
186 1770 290 1820 quoque
301 1750 446 1805 Britannia.
480 1759 514 1808 Et
533 1759 590 1808 lraec
610 1771 648 1808 se·
688 1763 756 1809 tuor.
788 1757 929 1808 Arrsonimu
942 1755 1213 1820 vero,Edyllinrnboc

114 1831 203 1882 cunda
213 1829 375 1882 Praefectura
387 1843 453 1882 erar.
478 1833 568 1882 Prima
578 1834 656 1902 euim,
688 1849 746 1883 curn
759 1835 896 1896 scriberet,
911 1833 1034 1883 Fascibus
1053 1831 1173 1882 Ausoniis
1185 1839 1213 1881 et

114 1916 174 1960 erat
183 1906 448 1959 praefecturarum.
481 1910 647 1973 DcipsoAu·
686 1911 783 1961 bonore
795 1912 876 1961 curuli
887 1911 999 1960 nondum
1017 1909 1096 1959 fuisse
1107 1910 1213 1959 decora-

115 1983 191 2033 sonio
210 1983 381 2046 proculdubio
402 1985 647 2054 intelligeudnsvest
687 1991 751 2048 tum,
763 1992 791 2035 et
809 1987 1019 2036 Valentinianum
1036 1985 1155 2034 Gratiani
1168 2000 1214 2048 pa·

115 2057 159 2106 iric
171 2057 254 2120 locus,
273 2057 294 2106 is
314 2058 383 2106 euim
398 2065 533 2124 utramque
543 2061 647 2111 obtinn·
687 2067 789 2110 rentem
801 2061 888 2110 virere
905 2066 1008 2112 constat
1025 2073 1058 2109 cx
1077 2073 1144 2111 vers.
1155 2061 1212 2109 448.

117 2140 185 2193 erat,
207 2129 270 2180 licet
288 2129 374 2181 ltalia
396 2133 574 2196 prefecturam
594 2149 646 2184 nou
685 2141 713 2182 et
724 2147 797 2199 seqq.
819 2133 891 2184 ‘Ast
903 2150 961 2198 ego,
972 2133 1214 2200 quantamaidede-

116 2208 163 2258 diu
173 2209 298 2258 tenuerit.
329 2209 374 2258 Sic
386 2209 420 2258 de
438 2225 466 2259 ao
483 2211 508 2259 in
527 2218 646 2274 protrep·
685 2208 720 2258 cit
730 2223 758 2258 se
769 2223 835 2258 vena
845 2211 963 2274 liquoris,
979 2210 1145 2274 Burdigalam
1155 2225 1214 2260 curn

116 2284 192 2333 tico:
220 2284 282 2332 ‘Ut
310 2282 493 2346 prefecturam
515 2284 647 2348 duplicem
686 2298 726 2332 me
748 2285 774 2333 in
799 2287 920 2349 patriam,
944 2286 1081 2351 nidumque
1099 2292 1214 2334 senectae

7 2367 10 2376 ’
119 2360 265 2422 sellamque
295 2358 430 2420 curulem,'
456 2361 504 2410 dcc.
535 2359 647 2408 ‘Titulo
687 2360 917 2424 Augustuspatcr,
933 2361 1215 2422 ernatus,mesmaxi·

118 2433 244 2486 secundo'
266 2434 307 2484 bic
319 2434 467 2484 Gronovius
485 2433 593 2500 exponit
608 2433 646 2482 te·
687 2451 812 2498 rnacure,
824 2437 948 2488 Fascibus
967 2436 1090 2486 Ausoniis
1109 2435 1215 2485 deeora·

115 2511 171 2574 lici,
177 2523 232 2560 noa
241 2509 313 2559 falsis
320 2510 428 2574 judiciis
437 2511 597 2575 eligentium,
604 2511 646 2559 cui
687 2518 741 2561 tum
757 2518 786 2562 ct
795 2513 892 2562 honore
903 2513 986 2577 curuli
995 2513 1114 2573 Mittunt,
1125 2511 1216 2561 emeri-

116 2600 168 2637 που
180 2587 288 2636 accedo.
689 2593 723 2636 tre
733 2591 792 2649 post
802 2594 918 2650 tempora
929 2585 1093 2651 disciplinae!
1116 2587 1215 2638 lecum

151 2661 230 2710 *4⁰8
246 2660 446 2721 Prqseetm
464 2662 534 2710 t'nutu
554 2666 649 2710 terruere
687 2663 768 2726 igitur
787 2664 813 2712 ln
834 2679 884 2728 quo
902 2665 1030 2713 hereum
1051 2662 1086 2711 de
1107 2659 1216 2711 Ausonii

116 2736 231 2799 muno]
257 2737 398 2800 Perpetem
415 2737 472 2786 lsrec
494 2736 527 2786 de
550 2735 648 2800 duplici
689 2740 830 2789 Consulatu
848 2739 952 2788 minime
968 2736 1217 2800 intelligeadrmpa-

118 2811 230 2864 Ausonii
240 2810 404 2862 Prafectnra
413 2812 539 2874 intelligit
549 2819 647 2862 noster.
689 2819 745 2862 tet:
763 2814 813 2863 etsl
824 2813 850 2861 iu
862 2827 918 2861 meu
935 2811 1090 2861 sententiare
1110 2807 1217 2858 descen·

116 2889 186 2938 Vide
197 2902 256 2952 quac
275 2887 454 2936 annotavimus
465 2887 497 2934 ad
514 2887 649 2950 Protrept.
689 2887 844 2938 disseritleo
862 2887 1017 2936 clarissimos
1032 2885 1219 2945 stmuprarer
1300 2883 1302 2888 ’

119 2979 187 3014 vers.
208 2967 250 3015 01.
284 2962 325 3011 De
347 2961 386 3010 liis
407 2968 493 3010 autem
515 2959 595 3009 fusius
615 2961 648 3009 ad
690 2957 1218 3022 arenarium,Frelerunsulltumms-

121 3041 198 3090 Grat.
212 3038 318 3088 Action.
427 3085 429 3088 ,
690 3044 758 3088 rrum
783 3049 886 3102 quoque
913 3038 1082 3098 interpretem
1110 3034 1217 3084 aliorum

151 3117 204 3164 000
221 3114 392 3176 cuiquem
407 3103 495 3172 reuben,
508 3109 560 3174 lfa]
577 3110 648 3174 Scip-
690 3113 809 3176 exemplo
819 3111 844 3160 in
857 3125 968 3161 errorem
980 3111 1126 3173 abreptum.
1159 3109 1218 3160 Quo

121 3205 177 3240 aum
187 3189 233 3240 bic
244 3189 311 3238 nasu
323 3188 434 3238 obscure
448 3186 576 3251 designat.
591 3187 650 3238 Qua
690 3196 775 3237 autern
788 3192 867 3250 pacto
877 3199 966 3234 sersus
980 3185 1027 3248 illi,
1043 3184 1165 3247 ‘Quique
1177 3196 1219 3231 ca·

120 3267 147 3315 iu
158 3281 187 3315 re
197 3265 290 3316 miram
302 3277 377 3328 quam
389 3262 501 3324 superbe
517 3254 650 3310 modestia
691 3268 739 3325 put
753 3273 842 3308 rerum
855 3257 981 3320 Romam,'
996 3263 1045 3306 ece.
1061 3256 1218 3320 exponendi,

120 3343 233 3394 excedet
247 3341 320 3404 dues,
331 3339 373 3403 qui
384 3337 502 3400 proprias
519 3349 547 3388 se
559 3336 650 3386 laudes
690 3335 759 3385 baud
771 3336 809 3385 ita
817 3333 942 3384 t‘seileest
953 3333 1129 3396 pronuntiare.
1152 3329 1219 3379 llaec

121 3419 323 3483 predicaturus
329 3417 423 3478 jactet.
691 3409 809 3474 prolecto
828 3408 994 3471 intelligenda
1010 3407 1044 3456 de
1060 3418 1158 3454 summo
1175 3405 1221 3452 ali·

152 3497 203 3545 ⁴10
221 3495 325 3544 Mum
339 3491 471 3553 mrim
481 3489 547 3539 reeit
559 3489 601 3538 aab
611 3501 650 3538 ao·
692 3499 744 3550 quo
752 3485 817 3547 viro,
825 3484 981 3548 quiccnsnl,
989 3481 1152 3532 Patricium
1160 3492 1219 3527 cnm

119 3569 194 3633 atae]
218 3567 386 3619 subrumios
404 3567 507 3616 scilicet
524 3565 652 3625 Consulis,
691 3559 924 3623 tusaequepusas
943 3566 985 3606 est
1002 3556 1220 3619 magistrarum·

120 3647 189 3710 quod
211 3643 352 3695 seeundum
375 3647 430 3692 estc
458 3655 516 3691 carn
544 3639 653 3702 Augusti
688 3637 831 3701 justamen
851 3635 948 3698 posteri
964 3649 996 3683 ea
1013 3638 1090 3682 aetate
1102 3644 1153 3695 qua
1162 3629 1220 3677 Me-

120 3719 423 3788 principissitprirnunu.
456 3715 652 3766 Nestoriucae·
692 3715 780 3765 sellam
799 3714 927 3763 scriberet
944 3712 1069 3762 Ausonius
1090 3709 1123 3758 ad
1142 3709 1221 3756 hono·

120 3797 222 3846 aaribns
233 3811 241 3846 e
252 3797 260 3824 ‘
271 3795 404 3844 Caesareos
413 3805 544 3858 proceres,
553 3791 579 3840 in
591 3805 653 3854 quo·
693 3803 735 3839 rer
746 3790 830 3839 everri
841 3785 923 3849 inere,
933 3795 962 3836 ut
973 3786 1078 3837 fortuna
1087 3785 1221 3847 suppleret

121 3885 180 3922 ran
199 3883 284 3936 regna
297 3869 415 3920 medis
435 3867 590 3918 Consulibus
606 3865 652 3915 dn·
692 3865 797 3914 libatas
813 3864 953 3928 majoribus
964 3862 1079 3928 praemia.
1113 3855 1221 3906 Pobtrm

121 3947 185 3996 dum
194 3944 436 4008 Romanapotentia
447 3943 543 3993 cessit.'
694 3941 809 4002 suspicor
820 3941 846 3988 iu
857 3939 942 3988 animo
953 3937 1072 3988 habuisse
1084 3933 1222 3995 optatum,

158 4019 173 4050 ⁸
189 4021 293 4070 Tantum
302 4035 349 4069 aua
359 4020 434 4083 primo
451 4018 516 4068 rexit
527 4017 570 4068 rub
580 4017 654 4066 nomi·
695 4029 779 4078 quem,
792 4021 926 4078 postquam
939 4029 954 4062 a
966 4007 1136 4060 Constantino
1146 4004 1221 4066 Mag-

120 4091 168 4158 se]
182 4096 267 4144 llirer
278 4093 437 4144 tirunculum
454 4095 496 4143 hic
507 4092 654 4156 intelligere
695 4105 729 4140 no
751 4091 861 4140 Parricii
886 4088 1038 4152 dignitatem
1070 4087 1222 4142 couseeupns

121 4171 238 4234 primum
248 4169 434 4246 propemodum
445 4183 546 4233 narsen,
561 4181 654 4231 nempe
694 4165 797 4228 fnisset,
814 4163 925 4214 interfeci
944 4161 1023 4225 jussit
1045 4155 1222 4215 Constantius,

193 4249 281 4312 Delpts.
292 4253 315 4298 et
327 4247 385 4298 l'ur.
398 4251 462 4298 ctas.
566 4273 568 4277 v
644 4248 733 4296 Aaron.
874 4281 878 4288 .
1112 4243 1127 4287 2
1145 4237 1159 4285 Ι
