2998 4884
568 391 748 442 auruum.
1142 381 1206 442 465

6 563 7 568 ’
106 539 244 615 AEstus,
259 545 294 601 et
309 537 459 600 albentes
471 535 671 598 concharum
687 536 835 614 germina
850 535 985 611 baccas,
1164 537 1207 598 70

108 641 264 704 Delicias
278 638 444 702 hominurn
459 635 677 716 locupletum,
692 654 835 717 quaeque
849 636 911 699 sub
927 635 1025 700 undis

106 740 327 806 Assimulant
340 743 473 802 nastros
487 737 617 802 imitata
630 737 767 802 monilia
781 737 902 801 cultus.

109 842 219 908 Haud
235 840 332 904 aliter
344 838 488 923 placidae
503 839 616 902 subter
628 837 716 902 vada
730 838 808 904 laeta
824 837 979 903 Mosellae

110 943 251 1021 Detegit
264 941 435 1005 admixtos
448 959 518 1004 non
532 941 690 1004 concolor
703 941 804 1005 herba
819 941 964 1026 lapillos.

6 1071 8 1078 ’
108 1045 268 1110 Intentos
282 1050 394 1108 tamen
408 1061 517 1125 usque
533 1042 653 1108 oculos
666 1061 774 1106 enare
788 1043 929 1125 fatigant
1163 1045 1207 1108 75
1291 1075 1299 1081 ·
1351 1085 1355 1090 ·

111 1145 357 1210 Interludentes
372 1144 528 1210 examina
541 1144 671 1208 lubrica
684 1143 808 1226 pisces.

110 1246 180 1312 Sed
194 1247 306 1330 nequ'a
322 1251 371 1311 tat
384 1247 527 1328 species,
543 1246 802 1330 obliquatosque
816 1251 968 1322 natatus,

110 1347 270 1429 Quaeque
283 1367 343 1430 per
357 1347 531 1412 adversum
545 1347 728 1412 succedunt
742 1349 874 1430 agmina
887 1348 1021 1425 flumen,

109 1447 339 1531 nominaque,
356 1457 392 1512 et
406 1455 544 1515 cunctos
558 1469 746 1515 numerosae
763 1439 878 1532 stirpis
893 1451 1055 1526 alumnos

110 1549 224 1613 Edere
239 1549 309 1615 fas:
332 1550 421 1615 haud
436 1551 493 1616 ille
508 1551 597 1628 sinit,
613 1552 669 1615 cui
687 1561 770 1616 cura
784 1551 942 1615 secundae
1166 1551 1209 1614 80

112 1651 236 1728 Sortis,
249 1658 285 1715 et
300 1653 446 1733 aequcrei
459 1652 563 1717 cessit
577 1655 680 1718 tutela
694 1653 856 1717 tridentis.

111 1869 201 1919 uirides
211 1870 295 1920 bobas
304 1875 327 1919 et
337 1870 434 1920 cundia
442 1869 580 1933 mandm
588 1875 613 1919 et
620 1871 765 1932 margaritas
774 1873 898 1921 candmtes
908 1877 973 1922 ortas
983 1871 1104 1934 oconcbis,
1115 1872 1211 1921 delicias

111 1935 231 1984 bominum
240 1935 350 1994 dicdum,
365 1940 389 1984 ct
404 1949 456 1998 qsae
472 1935 568 1982 monilia
584 1949 694 1998 expromo
709 1935 752 1984 sub
771 1937 839 1998 nqan
855 1936 981 1988 imitantur
996 1941 1087 1984 nostros
1102 1941 1208 1986 ornatus.

111 1999 168 2047 Noa
179 2013 247 2048 rocus
257 1999 299 2047 sub
309 1999 406 2047 amenis
415 1999 483 2062 aquis
492 1998 551 2047 lanu
560 1999 665 2047 Matella
676 1999 748 2047 barba
755 2001 854 2048 discolor
863 2001 1073 2048 ostentat-calculos
1087 2000 1211 2061 permistos

110 2061 164 2110 sibi.
200 2061 315 2111 Attamen
331 2063 426 2111 lubrica
440 2067 541 2111 caterua
559 2063 659 2124 piscium
675 2063 807 2110 ludentium
827 2064 890 2111 inter
905 2077 976 2124 aquas
992 2064 1080 2110 lanum
1097 2063 1211 2110 meatibus

112 2126 160 2173 suis
170 2127 248 2174 oculas
259 2126 300 2174 diu
311 2125 370 2175 inse
384 2127 483 2192 defixas.
516 2125 552 2174 Aa
567 2141 614 2174 non
630 2125 684 2173 licet
699 2126 758 2172 mibi
777 2126 894 2187 explicare
909 2130 945 2172 tat
955 2125 1049 2184 formas
1064 2127 1171 2187 piscium,
1187 2133 1211 2175 et

111 2193 210 2238 notatim
221 2190 333 2251 obliquos,
351 2194 375 2238 et
392 2205 478 2250 greges
489 2203 576 2250 earum,
590 2188 630 2252 qui
640 2187 792 2249 subeunt'per
801 2191 921 2236 mansum
932 2203 1029 2245 amnem,
1041 2194 1065 2236 et
1075 2191 1177 2251 nomina,
1188 2197 1211 2238 ct

112 2266 191 2302 mu
200 2253 308 2301 alumnos
314 2253 430 2316 prosapia
441 2251 594 2315 multiplicis,·
605 2267 650 2301 non
658 2251 779 2314 parnittit
795 2253 835 2302 ille
853 2252 891 2300 cui
909 2267 966 2300 cara
976 2255 1081 2310 secunda
1091 2255 1171 2317 sortis,
1188 2261 1211 2302 et

112 2317 220 2366 mundio
229 2317 317 2366 marisii
328 2317 439 2368 tridentis
449 2317 546 2378 autgta

575 2455 756 2477 ‘coemento

112 2557 197 2608 scribe
209 2571 270 2606 cam
281 2558 372 2608 Tullio.
405 2557 532 2607 Mendose
551 2563 643 2606 antea:
661 2558 821 2620 locupletibus.
854 2557 976 2605 Bartlrius
994 2557 1075 2619 legit:
1093 2557 1211 2618 locupleti-

114 2622 525 2686 tumultuantesque.
558 2622 619 2672 Vid.
633 2623 833 2674 Not.Var.-74
851 2621 974 2670 Berthius
991 2621 1070 2685 legit:
1087 2622 1211 2669 immistas.

612 2782 718 2832 NO'l'AE

148 2916 163 2945 ¹
180 2920 214 2965 70
231 2913 325 2977 AEstus]
350 2915 432 2964 Meris
452 2914 559 2978 scotici,
579 2917 648 2980 qaod
689 2915 727 2965 alc
746 2928 848 2977 sapore,
867 2921 924 2976 qaae
940 2921 969 2962 tu
986 2915 1127 2976 pigmentis
1141 2915 1215 2964 istius

116 2991 232 3040 Ptolem.
254 2989 349 3039 dicitur
364 2991 504 3040 ‘Oceanus
521 2991 648 3042 Deacalc·
689 2989 816 3038 Carminis
834 2989 903 3037 ultra
917 2994 1015 3038 naturae
1034 2987 1215 3042 doust'ncasti.

117 3063 231 3116 aonias:
688 3064 770 3127 Atqui
784 3064 810 3112 in
828 3063 878 3112 tuis
895 3064 989 3114 mensis
1004 3079 1075 3128 serpe
1091 3074 1217 3130 versatus,

154 3138 301 3186 Cunctorum
307 3139 418 3200 manna
427 3138 518 3202 Menos]
542 3140 648 3202 Marga-
688 3153 746 3188 cum
757 3137 881 3202 pleraque
898 3138 957 3195 alis,
978 3153 1036 3203 quse
1048 3147 1110 3190 tunc
1120 3141 1146 3189 in
1158 3155 1216 3204 pre·

118 3215 185 3266 ritas
197 3213 326 3276 iutelligit,
337 3228 401 3278 qous
408 3215 477 3277 apud
487 3215 649 3264 Britanniam
689 3213 726 3263 tio
737 3218 821 3269 erant,
840 3213 896 3262 esui
907 3213 1137 3278 objectabantur,
1154 3231 1217 3265 nun·

119 3289 233 3354 reperiri
244 3297 334 3338 uotum
344 3304 378 3338 ex
388 3289 475 3338 Plinio
484 3296 513 3340 et
521 3291 607 3340 Mela:
690 3303 766 3353 quarn
772 3303 852 3352 genius
858 3288 927 3337 istud
935 3288 1042 3350 piscium
1047 3289 1216 3353 deprehendi.

152 3365 168 3394 '¹
184 3371 217 3416 ⁷5
236 3364 533 3426 Οαιίοιιτιοιείιιιίειιιτ]
553 3364 650 3414 obser·
691 3363 801 3416 Quando
818 3363 860 3412 isti
877 3364 962 3426 pisces
976 3363 1025 3414 tibi
1042 3367 1096 3415 nati
1112 3373 1173 3416 sunt
1190 3369 1217 3416 in

120 3448 166 3496 vat
184 3442 307 3492 nonius
325 3441 358 3490 sd
375 3441 544 3492 Claudianum
560 3441 651 3490 Psilis
691 3441 768 3502 libro,
784 3440 828 3504 qui
848 3439 875 3488 in
895 3439 1000 3502 ferculis
1020 3454 1072 3489 non
1094 3440 1218 3491 fuerant?

122 3534 225 3570 ornnem
234 3516 391 3570 velociorem
407 3530 508 3568 cursam
520 3530 576 3566 esse
588 3529 651 3566 erro-
692 3517 779 3568 iocari
792 3530 832 3565 me
847 3521 934 3578 putas,
949 3521 1028 3579 atque
1039 3531 1118 3581 agere
1127 3531 1219 3581 nages.

122 3609 180 3644 rear.
694 3592 738 3642 Its
758 3605 800 3640 are
824 3591 883 3640 Diis
906 3591 1066 3653 probabilem
1089 3599 1220 3655 prastaam,

154 3675 187 3719 ‘tt
205 3669 255 3718 Sed
265 3683 338 3730 nequas
349 3671 384 3716 tat
395 3667 491 3730 spectes,
505 3666 558 3728 tra]
582 3667 653 3717 Qum
694 3674 724 3716 at
741 3681 791 3729 ego
810 3667 858 3716 hac
870 3673 941 3715 taam
954 3669 1063 3716 Carmen
1074 3668 1146 3718 libris
1165 3669 1220 3718 Μι-

124 3745 261 3796 ambitiose
287 3743 369 3806 magis
391 3758 467 3806 quam
491 3756 551 3792 vero
574 3741 654 3792 flavio
695 3743 906 3806 mnisadjungc.’
1207 3743 1210 3750 ’

124 3820 182 3870 huic
197 3819 292 3870 tribuit
303 3826 330 3868 st
341 3819 476 3880 describit,
495 3824 563 3868 teste
580 3819 653 3880 Syar-
726 3823 757 3868 8⁰
777 3819 823 3866 Gai
842 3833 898 3866 curo
918 3820 1024 3867 scando
1051 3818 1147 3881 Sortiq
1167 3819 1219 3880 tre]

124 3897 216 3952 macho
224 3895 272 3946 lib.
281 3909 302 3944 1.
313 3894 398 3958 Epist.
409 3899 448 3944 14.
460 3893 491 3942 ad
501 3893 653 3956 Ausonium,
694 3897 842 3959 Neptunus,
860 3897 901 3944 cui
917 3895 1030 3944 secunda
1047 3909 1112 3956 sors,
1134 3895 1222 3952 idest,

122 3972 176 4034 jtun
196 3986 212 4021 a
229 3984 271 4024 nte
291 3971 412 4022 laudan:
431 3967 541 4032 ‘Unds‚’
562 3969 655 4034 inquit,
693 3971 878 4034 nersobrigis,
895 3970 1026 4022 cumlori
1036 3966 1222 4030 coelamprima

125 4047 185 4096 ¹illa
196 4046 356 4097 amnicorum
366 4045 475 4108 piscium
486 4045 603 4096 examino
612 4060 653 4094 re·
694 4060 758 4102 sors,
780 4046 887 4096 Platani
907 4047 986 4096 tertia
1007 4043 1152 4093 Inferorunr
1175 4041 1221 4091 ob·

128 4121 239 4184 pericu?
256 4135 332 4186 qnam
344 4121 487 4170 nominibus
500 4122 581 4184 rans,
600 4130 653 4171 tam
696 4121 815 4174 venisset.

129 4197 309 4259 colonatum
326 4197 503 4260 magnitudine
521 4197 655 4259 distantia,

193 4277 281 4342 Delpb.
292 4283 316 4328 et
329 4278 386 4331 Vnt.
399 4279 464 4329 Clas.
644 4277 732 4327 Autan.
902 4327 905 4335 .
1099 4276 1115 4321 2
1132 4270 1158 4319 G
