3000 4882
482 376 709 427 onsrrnnuu
734 382 856 431 norro.
1148 375 1217 442 803·

119 513 167 577 tis
193 514 382 600 tabulisque
396 517 516 599 populi
539 520 725 586 condonata
745 526 911 608 repetivit.
954 527 1008 594 Tu
1022 539 1214 614 argumenta

120 617 234 682 omnia
263 618 437 700 flagitandi
459 621 641 702 publicitus
664 624 776 690 ardere
795 627 958 710 jussisti.h
1011 633 1065 696 74.
1089 634 1212 702 Videre

117 717 154 782 iu
179 718 251 782 suis
267 739 413 804 quaeque
433 722 517 788 ioris
540 745 652 792 omnes
673 728 828 794 civitates
849 729 1139 814 conflagrationem
1159 757 1215 802 sa-

118 819 226 884 lubris
240 821 398 888 incendii.
443 823 614 892 Ardebant
634 829 754 912 stirpes
775 830 929 897 fraudum
943 835 1131 899 veterum2¹
1161 858 1212 904 nr-

118 921 455 990 debantsemiuaria¹
478 925 689 994 suturarum.k
730 928 808 995 Jom
837 953 874 996 se
900 953 976 998 cnm
999 935 1138 1018 pulvere
1160 940 1211 1003 sa·

117 1023 199 1088 villa
213 1025 405 1105 miscuerat,
414 1027 488 1111 jam
501 1029 647 1094 nubibus
661 1031 770 1096 turnus
784 1033 1028 1100 involveratr²¹
1049 1045 1082 1102 ct
1101 1040 1211 1106 adbuc

117 1126 258 1190 obnoxii
273 1127 308 1190 in
321 1130 452 1211 paginis
466 1133 686 1198 concrematis
702 1133 820 1200 ductus
834 1137 979 1220 apicum,
994 1144 1029 1204 et
1042 1143 1210 1206 sestertio·

116 1247 190 1292 rum
201 1235 305 1294 notas
315 1249 390 1294 oum
405 1233 584 1297 titubantia
599 1238 632 1298 et
647 1236 872 1319 trepidatione
887 1241 1064 1305 cernebant
1074 1250 1104 1306 :³
1120 1245 1211 1325 quod

116 1331 335 1394 meminerant
362 1331 498 1410 lectum,
528 1334 595 1418 legi
621 1354 721 1418 posse
739 1339 851 1402 'etiam
884 1346 963 1404 tuno
995 1349 1213 1408 verentes.tm

113 1547 229 1609 publicos.
242 1553 246 1558 '
263 1549 299 1598 ib
314 1551 446 1614 imperasti,
456 1558 483 1602 st
495 1554 574 1604 omnio
591 1555 748 1608 instrumento
757 1573 789 1607 ee
804 1559 887 1622 quidus
901 1562 952 1622 peti
960 1561 1007 1610 isto
1017 1568 1111 1624 possent
1120 1579 1209 1614 nenne

115 1618 200 1661 rentur
207 1611 305 1675 publice.
341 1617 555 1667 Civitatescnnctoe
564 1620 674 1669 uiderunt
685 1621 710 1668 in
720 1637 761 1670 suo
771 1623 929 1686 quoeqnefsro
940 1626 983 1674 iltc
998 1628 1098 1675 mensuri
1107 1629 1212 1677 soluturi

115 1676 231 1727 incendia
275 1679 446 1730 Cremobuntnr
467 1684 559 1732 radices
577 1683 709 1746 priscumne
730 1686 876 1745 fraudium:
897 1689 1061 1739 crenmbnntnr
1081 1693 1210 1740 seminario

108 1739 258 1798 fetarurmn.
289 1744 347 1792 donn
356 1745 417 1794 cinis
426 1746 511 1796 mistus
519 1753 573 1796 eret
591 1748 693 1809 pulveri,
705 1749 758 1809 jam
762 1751 847 1809 snmus
855 1751 993 1811 cornmnut
1001 1769 1026 1803 se
1041 1769 1093 1803 cunr
1102 1755 1209 1817 nunnus

115 1809 140 1852 et
151 1805 265 1856 debitores
275 1808 418 1871 aspiciebant
428 1811 504 1859 adbuc
524 1826 576 1860 cum
586 1811 733 1862 tentatione
750 1819 774 1862 et
791 1817 956 1880 metnfignros
970 1819 1102 1874 literarum,
1113 1825 1138 1868 et
1153 1821 1209 1868 cbo·

114 1875 218 1918 rectem
232 1874 397 1921 sestertiorum
406 1874 433 1923 in
447 1875 518 1934 soliis
527 1875 668 1926 combustis:
685 1877 793 1928 timentes
803 1881 875 1928 etium
885 1887 936 1929 tuns
945 1897 974 1930 ne
991 1883 1018 1932 id
1034 1888 1112 1944 posset
1123 1885 1170 1944 legi
1182 1885 1209 1932 in

115 1933 157 1996 iis,
173 1937 233 1996 qnod
255 1937 436 1989 recordabantur
454 1940 538 1988 lectum
556 1946 626 1990 uates
639 1941 728 2000 fnisse.
773 1943 838 2000 Quid
859 1945 989 2007 benigniter,
1000 1947 1056 2010 qnid
1070 1949 1211 2009 prudentius

574 2119 753 2141 mm

115 2247 234 2310 sulm—1
252 2247 349 2297 Semina
372 2249 486 2300 Titianos
510 2251 652 2303 codem-2
669 2253 817 2316 Legendnm
837 2262 925 2304 mouet
946 2255 1069 2317 Scaliger,
1087 2256 1209 2319 incineret,

112 2312 184 2440 30οά
195 2312 322 2375 improbat
333 2311 434 2364 Acidsl.
452 2315 512 2364 Vid.
524 2315 621 2368 tot-s
637 2317 644 2344 ‘
656 2319 822 2382 ltaScsliger
831 2319 1040 2380 exccmjsnnstto
1050 2323 1079 2369 de
1087 2323 1179 2371 ratione
1188 2339 1210 2374 c.

127 2375 195 2440 qnod
212 2391 289 2425 sensu
308 2377 384 2439 plane
401 2379 485 2442 caret)
503 2379 649 2431 felicissirne
666 2383 801 2446 reposuit!
818 2384 937 2433 blondus.
961 2383 1036 2447 Legit
1052 2385 1209 2447 Gronovius,

112 2457 167 2490 cnm
177 2440 271 2503 ingeniti
282 2442 445 2504 trepidatione.
470 2443 663 2495 Hotomannus:
680 2462 732 2496 cunr
749 2449 885 2497 denariurio
900 2448 992 2498 cutione
1006 2449 1129 2498 cnnetmn
1145 2465 1210 2512 quus.

113 2505 145 2554 In
158 2507 257 2568 scripto
268 2505 349 2554 altero
361 2513 412 2565 est,
421 2508 584 2568 conjacentia:
600 2510 625 2557 in
637 2510 825 2560 Pnlmanniauo
836 2528 887 2560 cnm
899 2512 990 2562 XXX.
1007 2513 1083 2562 Malu
1093 2512 1190 2568 Tollius
1201 2530 1212 2564 e

109 2568 296 2619 eonnicentivel
305 2572 441 2621 condecenti
451 2575 480 2621 de
490 2574 582 2624 ratione
597 2576 779 2626 emines-4
802 2577 896 2626 Veteres
910 2577 978 2639 vulg.
995 2577 1056 2626 Vid.
1071 2578 1134 2629 Not.
1147 2581 1209 2632 ,Var.

609 2727 717 2779 NOTAE

112 2845 207 2909 turpis,
225 2845 368 2911 improbus,
384 2846 505 2911 crrrdelis,
523 2846 641 2898 libidino·
680 2847 735 2898 fisci
767 2848 883 2900 actiones
911 2848 1075 2913 praecipimus
1103 2863 1209 2900 concre-

112 2936 166 2984 sus,
176 2921 312 2984 gladiator.
339 2923 392 2973 Sed
402 2923 436 2973 de
448 2924 554 2988 itaquae
566 2930 641 2988 pater
680 2924 753 2986 meri,
770 2924 802 2974 ob
819 2925 868 2974 boo
883 2925 973 2986 solum,
991 2925 1059 2989 qnod
1077 2925 1128 2974 suis
1146 2931 1209 2974 tem·

110 2995 263 3061 indulserat,
274 2999 402 3064 repetitis,
414 3000 477 3048 nibil
489 3000 639 3064 scriptores.
680 2999 786 3062 poribus
798 3000 907 3063 prolata
917 3013 968 3049 uon
979 3006 1053 3049 sunt:
1066 3006 1094 3048 ut
1101 3000 1156 3063 jour
1166 3013 1210 3048 os·

153 3071 166 3104 ¹²
194 3074 230 3123 'Rs
249 3073 388 3136 mgnnento
408 3078 485 3127 omniu
506 3078 641 3142 flagitandi
681 3075 782 3124 lumniae
795 3076 954 3139 privatorum
963 3089 995 3124 eo
1004 3075 1095 3125 saltem
1106 3089 1211 3126 arcean-

107 3149 238 3214 psblisitcs
259 3154 343 3201 orders
363 3152 470 3216 jussit]
497 3152 556 3203 Hoc
579 3161 641 3204 unte
681 3161 724 3202 tur
745 3152 875 3214 exemplo,
898 3165 948 3215 quo
963 3151 1049 3214 justas
1070 3149 1126 3200 fisci
1147 3151 1208 3200 lites

111 3226 266 3276 Gratianum
289 3226 446 3278 Hadrianus.
489 3228 640 3292 Spartianus
680 3228 757 3278 silere
767 3226 948 3293 praecipimus!

110 3302 138 3349 in
150 3301 205 3364 ejus
212 3301 289 3351 Vita:
308 3301 367 3351 ‘Ad
375 3302 545 3364 colligendam
554 3310 640 3353 autern
712 3301 1022 3364 ¹¹Serrsinnrinfntnrurron]
1035 3301 1211 3352 Instrumenta

110 3377 640 3442 gratiamnibilpretermittensdnfinitsm
680 3377 734 3442 illu,
751 3377 895 3442 exquibus,
914 3377 934 3426 si
955 3376 1152 3442 superfuissent,
1171 3379 1210 3427 in-

110 3455 256 3518 pecuniaur,
274 3470 331 3519 qua
344 3455 408 3506 fisco
419 3455 571 3518 debebatur,
590 3456 641 3519 pri·
682 3456 778 3503 tentari
790 3455 903 3505 actiones
914 3453 975 3503 fisci·
988 3455 1091 3504 nornine
1110 3455 1136 3504 in
1157 3456 1208 3520 pri·

111 3532 179 3582 satis
191 3530 351 3582 debitoribus
367 3532 392 3581 iu
403 3532 486 3595 Urbe,
498 3538 576 3596 atque
587 3532 640 3582 Itu·
681 3539 755 3582 natos
767 3531 921 3594 potuissent,
937 3537 965 3580 et
981 3531 1040 3580 lites
1058 3532 1155 3582 moveri
1170 3532 1209 3580 in»

110 3609 156 3670 lio,
173 3609 200 3657 in
219 3609 359 3672 provinciis
372 3624 432 3658 sero
449 3609 527 3659 etism
538 3624 572 3659 ex
582 3610 641 3660 reli·
680 3609 862 3658 numerabiles.

111 3685 180 3750 qniis
197 3685 314 3748 ingentes
330 3700 439 3734 summas
451 3685 565 3746 remisit3
583 3701 642 3751 syn·
712 3681 819 3734 ¹Fnrnus
829 3683 969 3745 involveret]
986 3682 1046 3732 an
1057 3680 1126 3730 refer
1136 3681 1165 3730 ri
1174 3696 1208 3743 se,

111 3759 218 3824 grspbis
240 3761 266 3810 iu
288 3759 346 3810 foro
364 3760 428 3810 Divi
447 3761 564 3824 Trsjeni,
589 3775 640 3825 quo
681 3760 748 3825 qnod
768 3761 912 3824 precessit,
927 3759 1006 3809 ‘dam
1026 3771 1054 3806 se
1074 3771 1133 3806 oum
1149 3757 1209 3820 put-

110 3836 193 3900 magis
203 3837 331 3887 securitas
341 3836 457 3886 omuibus
465 3837 639 3900 roboraretur,
682 3835 761 3896 rere,'
771 3839 820 3886 &a
832 3843 861 3884 ut
872 3835 904 3883 ad
917 3839 1052 3898 utrumque
1066 3832 1207 3897 pertineam

110 3911 244 3962 incensis!
679 3921 707 3962 et
718 3913 809 3975 planus
820 3911 870 3960 erit
881 3923 976 3959 sensus.

148 3985 156 4020 ¹
170 3985 290 4036 Ardebant
303 3988 390 4050 stirpes
400 3987 517 4046 fraudum
528 3992 640 4049 neternnr,
712 3994 731 4020 ¹²
742 3982 810 4042 onos
820 3985 973 4034 meminerant
982 3984 1076 4044 hcturn,
1085 3983 1210 4046 legi-posse

110 4061 166 4126 tra]
175 4061 243 4126 Imp.
255 4064 440 4116 constantinus
451 4063 520 4128 Aug.
533 4063 565 4114 ad
577 4064 641 4114 Pro·
680 4061 752 4111 diurn
760 4059 939 4122 tuncnnsntes]
949 4059 992 4110 Sic
1001 4059 1099 4122 optime
1107 4059 1207 4108 Tollius

113 4138 236 4188 vinciales
254 4141 312 4202 lege
328 4143 353 4190 b.
373 4139 402 4189 C.
427 4140 471 4190 Dc
486 4139 548 4202 jure
566 4138 640 4188 fisci:
681 4135 906 4201 postAcidalium.
939 4136 1020 4199 CuJus
1039 4135 1117 4184 etiam
1131 4136 1210 4185 soler·

108 4213 218 4271 ‘duston
229 4215 317 4278 etiam,
326 4221 354 4265 et
365 4229 423 4280 qna
431 4216 520 4269 locum
536 4214 642 4278 babent,
681 4215 718 4264 tia
729 4227 787 4276 quae
800 4218 943 4277 sequuntur
953 4212 1036 4261 lucem
1047 4223 1181 4274 accepere.
