2998 4884
291 335 356 402 490
762 341 916 394 ausorrtt

292 487 499 570 sublimique
513 487 643 551 minans
657 483 807 566 irrumpit
817 487 850 547 in
868 485 991 549 aethera
1006 486 1104 559 tecto,
1352 543 1354 546 .

294 589 474 651 Ostentans
488 587 600 662 altam,
616 582 747 648 Pharos
764 592 800 647 ut
814 583 1047 665 Memphitica,
1064 583 1188 646 turrim.
1318 577 1387 643 330

294 686 388 750 Huic
403 685 572 768 proprium
584 690 637 748 'est
652 686 788 747 clausos
803 692 966 766 consepto
981 685 1106 766 gurgite
1118 683 1233 764 pisces

293 785 436 870 Apricas
452 786 667 868 scopulorum
681 787 769 848 inter
783 789 921 867 captare
934 783 1085 848 novales

294 887 384 952 Haec
399 886 535 950 summis
548 884 666 948 innixa
676 883 770 966 jugis
783 883 931 946 labentia
944 883 1058 946 subter

294 987 447 1051 Flumina
465 986 630 1067 despectu
640 983 714 1067 jam
730 983 895 1064 caligante
911 989 1034 1048 tuetur.

294 1087 394 1152 Atria
407 1085 488 1168 quid
499 1101 676 1148 memorem
690 1083 911 1147 viridantibus
925 1083 1032 1146 assita
1047 1074 1179 1164 pratisi
1322 1075 1390 1143 335

294 1183 546 1265 Innumerisque
560 1199 661 1265 super
675 1183 819 1246 nitentia
834 1187 922 1245 tecta
935 1181 1124 1245 calumniat

297 1284 390 1364 Quid
406 1302 481 1365 quae
493 1283 647 1346 fluminea
660 1283 847 1346 substructa
857 1281 1031 1364 crepidine
1043 1281 1172 1345 fumant

296 1485 471 1546 eebasnrtigia
481 1486 604 1534 eamdem
612 1485 701 1534 emim
709 1483 798 1533 turrira
806 1485 905 1532 ardaata
912 1483 1102 1546 pumadrrtadtrrn
1107 1479 1172 1542 sarit
1184 1477 1277 1530 Pinaros
1290 1473 1395 1542 AEgppti
1487 1445 1488 1460 ἵ

297 1549 381 1598 inula.
414 1549 463 1597 1tta
478 1548 519 1597 bre
536 1549 605 1598 babet
621 1548 749 1610 peculiare,
759 1553 786 1596 at
796 1548 973 1609 comprehendat
980 1548 1057 1608 piram
1073 1547 1191 1596 abstracta
1207 1547 1272 1594 daea
1281 1544 1395 1607 staminis

296 1613 414 1660 sancierat
423 1613 487 1660 inter
504 1613 598 1660 sandes
613 1611 706 1673 apricat
725 1611 826 1672 mpura
859 1609 920 1658 Hac
935 1611 1015 1672 maiia
1030 1609 1054 1658 irr
1070 1624 1176 1672 suprema
1191 1607 1290 1656 culmine
1306 1605 1396 1654 mantis
1487 1611 1488 1620 ¹

297 1674 397 1736 dapicrt
406 1674 511 1737 flacitus
527 1674 607 1723 subter
618 1674 735 1737 fluenter·
754 1673 838 1724 obtata
849 1673 903 1732 iam
921 1673 1049 1721 obscurata
1094 1673 1160 1727 Qaia
1175 1672 1252 1720 dicam
1267 1669 1332 1718 atria
1345 1669 1396 1715 sita

200 1783 204 1790 ,
295 1743 447 1798 prope-prata
456 1735 575 1786 uirentia?
593 1739 627 1786 lit
637 1741 786 1785 teduinum
796 1735 954 1797 impendentia
964 1734 1076 1783 calumnia
1085 1730 1311 1784 innumerabiliter?
1329 1731 1397 1786 Quid
1487 1719 1488 1744 ¹

298 1809 421 1849 metuerem
431 1799 534 1850 tbetrnar
544 1815 595 1862 pac
605 1799 727 1863 oedijicatoe
745 1799 771 1847 irr
790 1799 898 1858 margine
909 1797 982 1862 flacii
993 1797 1104 1861 temnat,
1116 1799 1207 1860 puuada
1222 1797 1337 1847 tatem
1352 1807 1396 1842 ea·-

694 1949 698 1956 .
752 1937 839 1958 enno
843 1937 930 1958 nmo

299 2048 500 2104 astutia-»tit
513 2049 561 2104 Ed.
570 2052 689 2116 Ugcletti
700 2045 792 2106 habet:
803 2053 923 2115 sambra
936 2052 1056 2103 midam
1074 2050 1135 2100 Vid.
1143 2048 1276 2100 inb-tit
1284 2046 1398 2098 Adducta

792 2205 902 2256 Nonis

329 2315 379 2366 330
398 2315 499 2378 Pburar]
512 2315 549 2364 Ea
558 2322 599 2366 est
609 2317 693 2366 insula
703 2318 729 2367 in
738 2317 828 2366 littore
856 2317 1040 2368 altitudinem.

301 2393 379 2442 maris
391 2389 548 2452 lligyptiaci,
565 2390 591 2437 iu
606 2405 656 2453 qua
668 2392 746 2440 turris
760 2392 829 2440 altis·
899 2396 948 2442 336
966 2393 1087 2456 Nitentia]
1102 2390 1194 2452 idest,
1206 2388 1282 2438 fulta.
1294 2388 1399 2438 Lectio·

304 2459 368 2512 iima
387 2456 505 2524 ejusdem
521 2464 642 2524 nominis,
659 2479 675 2512 a
686 2465 828 2514 Ptolemaeo
867 2481 926 2515 nem
937 2467 1003 2515 hanc
1016 2468 1093 2528 malo,
1105 2481 1180 2530 quam
1195 2465 1315 2526 nutantia,
1329 2465 1398 2530 quod

303 2529 482 2599 Philadelpho,
504 2551 585 2599 opera
609 2539 721 2588 Sostrati
740 2539 829 2588 Guidli
869 2541 931 2588 mibi
943 2553 1032 2603 partun
1045 2538 1315 2602 appositumvidetur.

304 2610 464 2671 Architecti,
481 2612 637 2674 octingentis
658 2613 763 2662 talentis
785 2628 830 2663 ex·
901 2618 949 2664 337
978 2614 1044 2669 Quid
1062 2627 1114 2676 pure
1128 2611 1255 2675 fluminea,
1276 2611 1330 2674 ipa]
1355 2610 1401 2661 Sic

303 2691 406 2745 eructat
428 2686 454 2734 in
473 2699 523 2749 qua
537 2693 617 2735 noctu
628 2701 745 2736 accensa
757 2687 829 2738 faces
869 2688 967 2736 Tollius
984 2701 1016 2736 ex
1034 2688 1152 2750 Ugoletti
1173 2686 1288 2735 editione
1304 2685 1331 2735 in
1348 2701 1401 2750 qua
1487 2675 1488 2742 ἶ

304 2761 479 2823 navigantium
492 2773 594 2809 cursum
605 2764 740 2824 regebant.
760 2765 830 2814 Hinc
865 2760 982 2820 fulminea
998 2760 1094 2822 legitur
1111 2760 1242 2821 mendose,
1255 2775 1303 2822 pro
1316 2760 1400 2823 sturni·
1487 2809 1488 2816 ,

305 2839 399 2884 ceteras
419 2842 513 2896 turres,
527 2835 555 2883 in
573 2837 682 2885 similem
697 2851 770 2886 urum
787 2853 831 2888 cx·
870 2847 921 2882 aea.
946 2833 978 2881 In
990 2835 1045 2882 aliis
1058 2834 1298 2896 legiturrulplrurea.
1321 2833 1401 2896 Apud
1487 2831 1488 2882 i

304 2917 407 2972 tructae,
417 2911 497 2960 Phari
509 2911 651 2973 appellatas
663 2919 733 2962 runt.
871 2909 983 2958 statium
1003 2911 1028 2958 in
1051 2909 1191 2959 Tiburtino
1210 2909 1312 2971 Manlii,
1331 2911 1401 2964 unde
1487 2911 1488 2940 l

337 2985 505 3046 Memphitica]
528 2985 571 3032 Ab
582 2986 647 3034 urbe
662 2987 778 3050 Memphi
790 2988 832 3036 lE·
870 2984 928 3032 brec
949 2983 1097 3032 Ausonians
1116 2992 1326 3046 expresserunt,
1342 2999 1402 3044 gru·

304 3059 379 3122 gypti
390 3059 510 3106 maxima.
533 3057 717 3120 Memphiticus
730 3061 832 3124 persy·
871 3057 963 3105 mittem
976 3057 988 3085 ·‘
1001 3056 1043 3105 An
1066 3071 1124 3120 quar
1139 3056 1402 3120 gramineasusceptn

305 3130 455 3180 nscdcchen
467 3128 564 3176 dicitur
575 3130 721 3192 AEgyptius.
873 3132 1007 3194 crepidine
1022 3130 1122 3179 fumant
1136 3133 1244 3192 Balnea,
1258 3137 1286 3180 et
1296 3131 1401 3194 imposi-

336 3209 385 3254 331
410 3204 524 3264 Conseptc
544 3201 654 3262 gurgite]
683 3202 833 3253 obstructis
874 3213 926 3254 tum
939 3207 1003 3268 ripis
1016 3206 1271 3268 algentibusignsmi
1292 3206 1402 3270 Quinque

307 3277 483 3340 augustiarum
496 3275 609 3324 aditibus
629 3275 697 3324 inter
713 3280 833 3342 scopulos
874 3279 1026 3340 vaporiferis
1038 3281 1145 3341 junctus
1157 3278 1307 3328 fornacibus
1320 3283 1402 3329 amnis

306 3353 349 3412 ¹vel
365 3350 433 3401 uada
450 3349 632 3412 prominentia.
665 3351 756 3400 Talem
773 3366 834 3414 cap·
874 3353 953 3402 Ridet
963 3353 1112 3402 anhelantes
1119 3352 1315 3403 vicinoflumiue
1322 3355 1403 3419 Npm'·

306 3435 393 3478 turam
406 3427 553 3475 Saluianum
567 3425 686 3474 eximiam
699 3441 754 3476 esse
764 3427 834 3489 apud
874 3427 955 3490 phas!

306 3503 488 3563 Niromagurn‚
498 3500 531 3548 ad
543 3503 609 3548 ostia
623 3501 750 3550 Dralronae
760 3500 833 3550 fluvi·
904 3503 919 3532 ⁸
937 3504 1003 3559 Quid
1015 3519 1066 3566 pua
1071 3504 1197 3568 fluminea,
1213 3505 1268 3568 da]
1284 3504 1330 3554 Sic
1346 3519 1404 3555 nos·

307 3577 466 3640 oii‚etaliis
483 3577 610 3625 tumultis
629 3578 833 3641 Mosettaetocts,
874 3585 924 3639 ter,
951 3579 1078 3628 suadente
1101 3579 1193 3638 Tullio,
1221 3581 1265 3642 qui
1287 3587 1403 3630 veterem

307 3657 422 3700 testatur
435 3650 567 3698 Freberus.
874 3661 959 3704 tamen
978 3655 1120 3705 lectionem
1141 3657 1267 3719 sulphurea
1282 3657 1307 3705 in
1326 3665 1404 3708 textu

339 3729 388 3773 332
404 3723 785 3790 mentemmentdm]
801 3725 833 3775 Id
873 3729 1045 3778 rueretinuit.
1072 3729 1326 3792 Hancsgonraliem.
1349 3733 1403 3784 Hic

306 3805 359 3861 est,
369 3799 438 3846 inter
452 3797 584 3864 scopulos,
604 3813 650 3846 seu
669 3813 756 3861 rupes,
771 3813 833 3863 qua·
872 3802 942 3852 enim
960 3801 993 3850 de
1012 3803 1111 3852 balneis
1125 3801 1285 3853 ferventibus
1301 3806 1406 3868 agitur3

307 3888 364 3925 rum
385 3879 460 3930 terga
473 3871 582 3920 -ucraler
600 3871 706 3932 habent,
717 3873 766 3922 huc
783 3881 834 3936 stt,
874 3882 902 3925 et
913 3877 1053 3938 sulphurea
1067 3878 1173 3938 crepido
1189 3886 1239 3938 est,
1258 3879 1284 3927 iu
1299 3895 1350 3944 qua
1362 3895 1405 3931 rs·
1487 3869 1488 3894 ³

309 3943 629 4009 arranupsrcnlta,etin
643 3947 834 3998 iissatariren·
874 3965 916 4002 nra
943 3950 1081 4014 sulphuris,
1107 3965 1158 4013 quo
1179 3965 1291 4004 'accenso
1317 3952 1405 4006 ferret

310 4024 356 4074 tit·
784 4061 787 4068 .
875 4040 942 4094 aqua
952 4025 1050 4076 balneis
1057 4026 1159 4084 idonea.

342 4099 390 4148 334
407 4097 464 4146 darn
474 4095 603 4160 caligante]
613 4095 834 4161 Propterninriettr
