2998 4884
580 321 761 374 cornum.
1156 315 1221 378 473

121 462 183 526 Sic
194 461 278 526 viret
292 461 454 528 Ismarius
466 479 565 547 super
580 484 717 548 aequora
726 465 871 531 Thracia
885 465 990 531 collis.

120 561 184 627 Sic
198 583 275 627 mea
286 563 460 628 flaventem
472 565 610 648 pingunt
626 568 737 632 vineta
751 566 967 633 Garumnam.
1155 569 1219 634 160

121 663 273 728 Summis
284 667 411 748 quippe
420 665 513 747 jugis
530 667 700 731 tendentis
715 668 749 731 in
765 669 882 732 ultima
893 669 983 745 clivi,

120 763 316 829 Conseritur
330 765 428 830 viridi
441 766 587 831 fluvialis
601 788 715 851 margo
726 768 843 852 Lyeeo.
898 777 904 788 “

121 865 219 928 Laeta
233 883 369 948 operum
384 867 515 949 plebeS,
529 867 794 954 festinantesque
808 872 919 934 coloni

120 964 261 1030 Vertice
275 986 364 1030 nune
380 987 509 1032 summo
523 977 712 1054 properant,
727 992 815 1036 nunc
830 971 951 1054 dejuge
966 973 1077 1050 dorso,

121 1065 302 1130 certantes
317 1068 694 1136 stolidiselamoribus:
716 1071 792 1136 inde
807 1073 918 1136 viator
1153 1072 1217 1137 165

120 1166 290 1250 Riparum
306 1169 462 1252 subjecta
476 1179 598 1250 terens,
614 1173 689 1237 hino
704 1175 818 1239 navita
831 1174 961 1250 labens,

118 1267 250 1332 Probra
265 1277 389 1334 canunt
404 1271 489 1335 seris
504 1273 706 1337 cultoribus:
730 1273 894 1356 adstrepit
909 1273 988 1337 ollis

118 1367 165 1433 Et
178 1387 291 1452 rupes,
305 1376 340 1434 et
355 1371 454 1453 sylva
467 1379 622 1450 tremens,
636 1379 673 1438 et
687 1392 856 1440 concavus
869 1375 988 1439 amnis.

117 1611 192 1660 supro
202 1600 410 1664 merellrrucirrm,
443 1601 485 1652 tte
501 1602 576 1652 uinea
590 1617 649 1651 meae
662 1603 768 1652 coloraret
778 1603 872 1667 florum
889 1605 1044 1653 Garumnam.
1079 1603 1143 1652 Nom
1160 1604 1215 1666 ripe

110 1661 309 1723 flammicomus
318 1666 448 1714 virentibus
457 1666 602 1715 eorueriitur
612 1682 664 1715 cum
671 1681 776 1728 suprerrro
786 1669 903 1717 cucumim
913 1668 979 1716 collis
989 1670 1135 1728 assurgentis
1145 1683 1215 1730 usque

117 1727 149 1774 od
167 1733 307 1779 asuerum.
339 1730 412 1778 Plebs
431 1730 516 1778 itioris
530 1731 593 1779 r'rrter
614 1745 670 1792 rpus
685 1731 833 1792 faciendum,
851 1737 875 1780 et
896 1731 970 1780 couri
983 1737 1134 1794 properantes
1150 1733 1217 1780 modo

116 1796 218 1840 cunrat
227 1793 253 1838 irr
264 1793 443 1856 supremojugo,
453 1797 521 1842 modo
531 1795 557 1842 in
565 1795 622 1844 colia
631 1793 725 1857 declivi,
735 1799 898 1844 contendentes
907 1796 970 1844 iuter
980 1811 1004 1844 re
1011 1793 1218 1855 vociferationibus

116 1854 205 1905 stultis.
239 1855 306 1904 Hine
316 1857 397 1906 mutor
407 1859 500 1906 calcans
508 1858 633 1920 inferiores
643 1859 717 1921 ripas,
734 1860 799 1908 illinc
809 1867 882 1908 nauto
892 1860 1007 1921 normano
1017 1860 1127 1920 ingerunt
1137 1859 1216 1906 eerrai-

115 1917 151 1965 tia
170 1918 312 1970 vinitoribus
322 1922 481 1971 tardioribus:
504 1926 529 1970 et
548 1928 635 1984 cautes,
655 1927 678 1971 et
700 1937 781 1972 remur
796 1925 931 1983 tremulum,
942 1929 966 1972 et
982 1937 1053 1971 cucur
1065 1921 1157 1984 fluvius
1168 1921 1215 1970 iiiia

114 1983 265 2044 responderat.

575 2109 754 2130 ΟΝΜΜΝΟ

12 2208 16 2218 ⁸
115 2239 406 2302 craumersiae-16⁷
423 2239 777 2304 Proiruserurrt...cuitcrilus]
795 2235 839 2290 lte
858 2238 936 2304 Vulg.
957 2237 1143 2303 Reponendum
1161 2253 1215 2290 mo·

610 2416 717 2468 NOTIE

116 2541 357 2605 sanguinisedunt.’
388 2545 423 2594 Et
434 2544 529 2606 Georg.
546 2544 591 2594 lib.
602 2558 643 2594 ιν.
685 2543 850 2607 appellentur
877 2558 893 2591 a
913 2541 1055 2592 viatoribus
1078 2542 1213 2592 vinitores.

115 2616 147 2666 de
165 2616 291 2666 Euridice
315 2619 463 2669 :⁴Flerunt
486 2619 644 2683 Rhodopeiae
685 2619 768 2666 Locus
787 2618 829 2666 hic
849 2625 889 2666 est
909 2633 941 2666 ex
953 2617 997 2666 lib.
1008 2631 1090 2668 xvrrr.
1102 2633 1159 2680 cap.
1170 2623 1212 2668 26.

116 2704 200 2752 arces,
227 2691 340 2756 Altaque
361 2693 487 2757 Pangaea,
514 2700 542 2743 et
564 2695 645 2744 Rhesi
685 2694 733 2743 ‘In
750 2693 798 2742 lroc
817 2693 940 2755 temporis
956 2693 1093 2743 intervallo
1105 2691 1212 2756 quinde-

114 2766 243 2816 mavortia
254 2767 351 2817 tellus!
382 2769 435 2818 Sed
453 2770 487 2819 de
506 2771 596 2819 horum
608 2770 645 2819 vi·
684 2768 734 2817 cim
745 2767 837 2816 <liebus
848 2769 937 2831 primis
948 2768 1076 2830 Agricolae
1088 2768 1213 2831 rapienda

114 2841 183 2890 ribus
193 2844 266 2892 nulla
277 2857 331 2907 proe
343 2845 554 2896 ceterirmeutio.
685 2850 745 2893 suot
756 2857 796 2906 ea,
815 2845 907 2908 quibus
926 2844 1090 2907 peragendis,
1105 2850 1165 2892 onte
1177 2859 1211 2892 ae-

148 2923 196 2968 168
214 2919 283 2969 Μία
299 2921 408 2984 operum]
424 2921 466 2970 Sic
485 2921 556 2985 apud
567 2922 644 2985 Virg.
684 2921 843 2984 quinoerium
854 2933 905 2969 oon
916 2918 1057 2974 suffecerit,
1075 2919 1135 2968 dum
1146 2918 1228 2968 scist'

114 2991 352 3046 ‘Ietaloboramss
684 2995 744 3043 inde
763 3001 849 3043 nutam
868 2993 1096 3058 exprobrationem
1116 2992 1211 3044 fredam

149 3073 198 3118 lud
215 3069 318 3135 Deiage]
329 3073 388 3122 Vox
407 3071 467 3123 huie
483 3073 584 3124 auctori
600 3087 645 3138 pe·
681 3069 827 3132 putantium
835 3069 966 3132 vites,per
974 3065 1142 3118 imitationem
1150 3083 1212 3118 cun·

115 3145 231 3194 collaris.
682 3151 724 3196 tur
736 3144 805 3194 alitis
823 3145 983 3207 temporarii,
999 3158 1074 3208 quem
1090 3145 1211 3194 cuculum

149 3225 199 3271 166
226 3219 317 3270 Navita
337 3221 428 3287 mers]
453 3223 587 3288 Nasigrus
607 3235 647 3273 se·
682 3225 785 3269 vocant.
818 3219 941 3269 Dedecus
956 3219 1024 3268 anim
1042 3217 1211 3281 habetorop·

115 3297 293 3347 euudosmne.
683 3295 867 3360 probrlumqoe
878 3295 1007 3356 meritum,
1017 3293 1108 3342 falcem
1121 3292 1154 3342 ab
1165 3293 1212 3342 illa

145 3377 194 3422 lor
211 3373 307 3422 Probra
323 3379 411 3423 carust
426 3373 487 3424 reris
504 3374 642 3439 aluums]
683 3371 823 3421 volucrein
836 3370 888 3420 vite
900 3369 1067 3434 deprehendi,
1085 3374 1114 3417 ut
1131 3368 1165 3418 ob
1183 3369 1212 3417 id

114 3447 211 3498 Horat.
222 3448 292 3498 hunc
302 3464 400 3501 morem
410 3451 497 3515 tangit
506 3451 550 3502 lib.
561 3465 579 3500 r.
588 3453 643 3500 Sat.
682 3445 834 3508 petulantie
855 3446 922 3494 sales
944 3443 1023 3494 etiam
1046 3457 1105 3494 cum
1127 3445 1210 3508 primo

112 3527 137 3573 7.
148 3525 156 3552 ‘
166 3525 301 3587 Expressa
311 3524 416 3574 arbusto
425 3527 524 3590 regerit
531 3525 644 3575 moritis
680 3535 745 3571 rere
756 3521 885 3579 luduntur,
903 3521 1016 3586 auspicio
1028 3526 1113 3570 tamen
1125 3517 1211 3569 detes·

113 3597 192 3648 durus
213 3599 404 3662 vindemiator,
425 3606 454 3650 et
470 3601 581 3650 invictus
600 3601 642 3650 cul
683 3598 776 3648 ubiles
787 3595 916 3646 videntur.
927 3611 928 3614 ¹
938 3596 1012 3645 Adeo
1024 3595 1128 3644 minima
1139 3609 1210 3659 qure-
1282 3627 1288 3638 .

114 3689 185 3741 serpe
202 3678 289 3726 viator
307 3677 444 3740 cessisset,
460 3691 555 3740 magne
574 3692 642 3727 eom·
683 3687 734 3738 que
757 3675 784 3723 io
806 3686 869 3736 agro
890 3672 1050 3722 naturalibus
1073 3671 1211 3721 trahuntur

113 3753 215 3814 pellens
234 3765 297 3802 soce
315 3753 462 3803 cucullum.⁹
493 3755 533 3802 Ex
550 3753 643 3818 quibus
683 3750 862 3814 argumentis?
1202 3799 1206 3804 ,

113 3828 229 3878 versibus
246 3827 420 3892 Moriaugelus
430 3824 539 3879 Accam.
552 3829 643 3879 crede-
714 3828 730 3857 '⁵
747 3827 840 3876 Probra
847 3825 1003 3874 monstreris
1013 3823 1149 3887 cultoribus]
1172 3823 1208 3872 lis

114 3903 159 3954 bet
170 3904 310 3967 legendum
320 3903 373 3967 hic,
384 3905 478 3954 Probra
488 3911 568 3955 rerunt
576 3905 648 3960 duris,
683 3903 727 3968 qui
738 3902 896 3952 tardiuscule
908 3902 1008 3951 domum
1024 3915 1051 3950 se
1070 3899 1209 3959 recipiunt,

115 3981 249 4040 ultorium
269 3993 321 4029 nou
339 3985 426 4030 autem
441 3981 515 4039 semer
534 3981 579 4030 red
594 3996 642 4044 pro
681 3979 733 4029 iter
744 3979 883 4028 secundum
894 3976 1005 4026 fluminis
1016 3976 1095 4037 ripam
1110 3970 1208 4020 facien·

115 4054 163 4104 hoc
178 4055 327 4118 posteriore
346 4055 408 4105 lacit
427 4055 643 4119 locusPllnil,es
682 4061 731 4115 tes,
751 4068 813 4114 non,
832 4059 861 4102 ut
880 4053 991 4100 Vinetus
1013 4049 1208 4110 interpretatur,

116 4143 167 4192 quo
176 4131 254 4182 etiam
265 4137 340 4194 patet
350 4145 398 4182 cur
413 4132 488 4182 cremii
501 4145 547 4182 seu
558 4132 643 4182 merelli
681 4130 712 4181 iis
724 4131 768 4196 qui
778 4131 837 4193 plus
848 4128 926 4178 nimio
938 4138 1001 4188 opus
1012 4119 1144 4172 differunt.
