3026 4898
259 337 325 404 588
720 357 875 406 susurru

257 489 339 556 viui
353 498 525 556 concretas
540 491 757 574 perpremina
772 488 864 554 flexu
878 491 1017 573 pruinas

302 590 463 669 Pendere,
478 598 536 657 aut
550 593 674 657 olerum
689 598 777 655 stare
792 592 1043 657 cacuminibus:

261 690 422 756 Caulibus
435 698 468 756 et
482 694 604 776 patulis
617 697 735 757 teretes
750 692 917 756 colludere
929 699 1051 775 guttas,

303 792 347 858 Et
361 795 510 859 ooelestis
524 813 620 876 aquae
633 792 782 876 pondere
797 800 876 856 tuuc
891 793 1058 874 gravidas.

262 894 345 958 Vidi
359 895 521 962 Paestano
534 895 678 977 gaudere
693 893 821 958 rosaria
834 895 941 970 cultu,

305 996 483 1062 Exoriente
496 1015 584 1061 novo
598 995 730 1067 roscida
745 993 915 1059 Lucifero.

258 1097 353 1163 Rura
367 1099 537 1181 pruinosis
553 1099 697 1162 canebat
710 1115 839 1179 gemme
852 1097 1001 1173 frutetis,

304 1197 361 1264 Ad
377 1200 475 1280 primi
489 1199 603 1263 radios
617 1199 793 1263 interitura
807 1198 873 1262 die.

267 1297 474 1381 Ambigeres,
487 1306 661 1381 raperetne
675 1301 763 1363 rosis
778 1297 910 1364 Aurora
924 1300 1085 1379 ruborem,

306 1399 362 1464 An
377 1401 489 1464 daret:
513 1399 663 1482 uiliores
679 1401 820 1481 tingeret
836 1406 909 1464 orta
925 1400 1010 1464 dies.

265 1500 340 1566 Ros
355 1522 452 1579 noue,
468 1501 559 1567 color
574 1521 671 1580 uuus,
687 1510 722 1565 et
737 1521 835 1566 uuum
850 1521 948 1566 mane
965 1503 1113 1566 duorum.

308 1603 447 1681 Sideris,
458 1610 493 1667 et
507 1602 610 1680 floris,
625 1623 703 1669 nam
717 1603 854 1668 domina
868 1622 933 1666 una
948 1591 1077 1668 Venus.

265 1786 342 1834 urimo
352 1801 389 1836 me
398 1786 517 1836 recreandi
528 1787 643 1835 nadalino
654 1790 764 1846 tempore.
801 1785 858 1835 Vidi
879 1799 956 1834 rorem
974 1787 1093 1835 collectum
1108 1789 1208 1849 pendere
1223 1802 1265 1851 per
1275 1789 1360 1838 lierda

265 1851 383 1910 incurvus,
394 1851 430 1900 rel
440 1855 502 1899 sture
512 1851 536 1898 iu
546 1851 641 1898 summis
651 1850 768 1898 oleribus:
784 1852 1033 1910 ergasteriorum,
1050 1857 1073 1899 et
1084 1854 1139 1899 tune
1149 1855 1269 1912 turgentes
1278 1856 1361 1915 groot-

266 1919 316 1962 tute
325 1929 391 1977 aquo
402 1915 518 1970 oettrmoe,
529 1916 608 1962 ludere
618 1915 643 1962 io
653 1914 756 1962 coutitur
766 1915 884 1974 expausis.
921 1914 979 1962 Vidi
989 1915 1079 1963 rororiu
1089 1915 1145 1963 luto
1158 1917 1220 1964 cuttu
1238 1917 1360 1974 Pertusa,

266 1978 386 2036 rorulento
396 1993 454 2026 trouu
465 1979 602 2040 Pdosptroro
612 1980 709 2026 oriente.
745 1977 828 2025 Guttoe
838 1979 950 2040 dispersu
961 1977 1094 2027 utlirubunt
1105 1979 1130 2026 in
1135 1977 1265 2038 fruticibus
1272 1981 1362 2043 pruina

267 2041 365 2104 opertis,
375 2043 487 2105 periture
498 2045 528 2090 ud
540 2042 619 2091 rudior
628 2042 677 2090 diei
687 2041 822 2090 exorientis.
855 2041 985 2090 Dolituree
999 2058 1030 2091 un
1046 2041 1142 2092 Aurora
1157 2043 1261 2093 truderet
1268 2044 1363 2094 rubedi-

267 2119 321 2154 uem
331 2121 346 2154 ο
356 2107 423 2167 roris,
431 2122 462 2154 oa
474 2121 526 2154 uero
537 2108 571 2154 eis
580 2107 756 2168 impertiretur.-
773 2109 796 2152 et
805 2106 847 2153 luu
856 2105 963 2154 οποοίοοο
972 2106 1077 2170 inficeret
1086 2121 1127 2155 siro
1136 2109 1211 2156 oolore
1222 2109 1362 2173 illoeflorer.

268 2167 319 2217 Ros
338 2174 390 2218 erut
409 2171 479 2230 idem,
501 2170 563 2218 color
578 2169 649 2233 idern,
664 2174 688 2218 st
704 2171 783 2218 eudem
795 2170 911 2218 mututinu
925 2171 1007 2232 gratie
1017 2171 1144 2220 erulorum.
1177 2170 1273 2222 Scilicet
1283 2175 1362 2224 eudem

724 2313 905 2334 mmm

304 2416 336 2461 14
353 2413 402 2462 Dei
411 2413 475 2476 legii
485 2412 681 2462 uenturos-uo
693 2411 824 2477 Difflotur:
835 2413 911 2475 spiret
921 2411 999 2474 Vulg.
1017 2410 1047 2460 Iu
1060 2411 1163 2475 seriptis
1174 2409 1238 2462 tuit:
1252 2413 1367 2480 Difflrtitr

763 2559 872 2610 NOTAE

270 2669 416 2736 tractisque
427 2671 453 2720 iu
465 2686 553 2722 eurum
564 2687 691 2722 concursu
706 2672 756 2722 aris
771 2681 799 2725 et
838 2674 884 2724 lib.
912 2688 954 2724 ιιι.
991 2672 1165 2735 Metamorph.
1197 2673 1365 2722 ‘Hortulnrn

270 2747 371 2797 sacellis
382 2748 494 2813 undique
514 2749 662 2813 petentibus
682 2749 797 2800 dicatur:
839 2749 965 2812 quendam
976 2748 1099 2812 prospexi
1110 2748 1174 2796 satis
1187 2762 1323 2810 amoenutn,
1340 2749 1366 2796 iu

271 2829 302 2872 ut
317 2837 350 2871 ex
369 2822 530 2888 Philargyrio
549 2825 656 2889 aliisque
677 2825 800 2876 observat
839 2832 996 2889 quopraeter
1015 2833 1115 2874 ceteras
1132 2829 1219 2886 gratus
1239 2824 1366 2886 herbulas,

271 2897 389 2948 Vossius.
839 2895 1367 2964 rosoevirgiuesmatutiuororefluebant!

303 2977 319 3022 7
335 2974 452 3038 Praisos]
468 2975 681 3048 Proiue'proprie
698 2983 739 3026 est
756 2991 798 3026 ros
840 2977 874 3024 Et
885 2974 930 3025 lib.
939 2989 979 3024 ru.
992 2975 1026 3025 ‘J
1030 2989 1069 3023 am
1079 2972 1145 3022 enirn
1158 2973 1215 3022 loco
1225 2973 1368 3036 proximus,

272 3049 411 3096 concretus
430 3049 499 3111 gelu.
532 3049 585 3098 Hie
603 3064 651 3116 pro
662 3063 733 3120 rore,
748 3065 799 3100 nou
839 3065 890 3100 non
911 3051 968 3099 illns
986 3063 1056 3099 rosas
1075 3057 1178 3098 teneras
1199 3056 1226 3097 et
1246 3062 1369 3110 amoenas,

272 3122 408 3184 congelato
420 3123 532 3186 quidem,
550 3122 595 3171 sed
608 3123 689 3172 instar
700 3123 800 3186 pruinre
840 3125 954 3175 madidas
982 3125 1062 3173 divini
1090 3123 1155 3172 roris
1182 3130 1210 3172 et
1242 3124 1368 3184 nectaris,

274 3194 404 3244 slbleaute
416 3197 528 3259 ponitur.
841 3216 903 3267 ques
914 3200 971 3250 rubi
988 3199 1078 3250 felices
1095 3205 1123 3247 et
1134 3200 1218 3248 beatae
1229 3199 1309 3262 spine
1324 3214 1368 3262 ge·

306 3273 336 3318 ll
355 3269 478 3335 Poestorru]
494 3272 610 3320 Paestunr
620 3271 743 3336 oppidum
752 3270 802 3323 fuit
841 3273 952 3337 ueraut‚’
967 3278 1017 3324 &e
1050 3273 1082 3323 Iu
1093 3273 1235 3336 Pervigilio
1247 3273 1370 3338 Veneris,

274 3343 412 3408 Calabriae,
423 3353 452 3394 nt
461 3346 516 3394 vult
524 3345 638 3408 Servius,
649 3353 704 3408 aut,
712 3353 741 3396 ut
750 3347 804 3412 elii,
842 3351 895 3398 sive
907 3351 1034 3412 Catullus,
1050 3349 1104 3398 sive
1115 3347 1171 3412 quis
1183 3347 1246 3398 alius
1263 3339 1368 3398 auctor:

272 3420 407 3481 Lucaniae,
440 3437 555 3473 rosarum
588 3424 659 3474 cultu
692 3425 804 3490 celebre,
841 3425 997 3488 ‘lpseroriu
1009 3423 1096 3486 incidi,
1114 3424 1205 3473 Noctis
1217 3438 1279 3473 aura
1290 3439 1369 3488 quem

274 3497 443 3561 quisenta
468 3515 534 3550 auno
556 3501 669 3550 ubertim
691 3501 802 3554 ferebat.
842 3501 975 3564 relinquit,
996 3499 1096 3563 spargit
1117 3499 1250 3548 humentes
1273 3515 1369 3564 aquus:

273 3573 351 3624 Unde
377 3575 446 3637 apud
465 3575 540 3639 Virg.
568 3576 613 3625 lib.
641 3590 680 3627 ιν.
703 3577 802 3641 Georg.
840 3577 973 3640 hacrymis
984 3575 1081 3624 micant
1091 3579 1231 3624 trementes
1243 3575 1276 3624 de
1289 3575 1368 3624 cudu-

274 3647 426 3712 ‘Biferique
438 3650 535 3699 roseria
546 3650 647 3700 Parti!
841 3665 872 3700 eo
892 3651 1022 3716 pondere3
1051 3649 1135 3698 Gutta
1160 3663 1277 3713 praeceps
1304 3649 1369 3700 orba

307 3728 337 3774 la
358 3725 468 3789 Gemma]
484 3726 577 3788 Gutta,
589 3728 778 3791 Metaplrorlce.
840 3739 920 3788 parvo
932 3727 1039 3775 sustinet
1052 3735 1126 3773 casus
1137 3739 1204 3774 snos.
1238 3724 1269 3774 Iu
1288 3726 1370 3789 pudo-

307 3804 339 3856 ll
347 3800 416 3870 xDie]
434 3802 486 3850 Pro
497 3802 554 3852 diei.
564 3803 607 3852 Sic
619 3804 664 3854 lib.
674 3818 693 3854 1.
702 3805 800 3869 Georg.
841 3814 894 3849 rem
901 3797 1045 3849 florulentae
1054 3798 1224 3861 prodiderunt
1232 3813 1368 3862 purpurae:

273 3876 348 3939 Virg.
366 3876 375 3904 ⁴
386 3876 465 3926 Libro
489 3877 541 3939 die,
564 3879 697 3943 somnique
724 3895 800 3944 pares
841 3875 942 3924 Humor
958 3875 1013 3937 ille,
1031 3887 1106 3938 quem
1126 3873 1224 3944 serenis
1245 3882 1314 3922 serra
1331 3889 1371 3922 ro-

274 3953 318 4001 nbi
346 3952 441 4002 feeerit
462 3952 556 4002 horas?
589 3955 694 4004 Frustra
720 3955 801 4018 igitur
841 3957 898 4000 rant
913 3950 1043 4012 noctibus,
1058 3943 1137 3998 Mane
1157 3948 1270 4012 virgines
1288 3951 1370 4012 papil-

273 4026 397 4077 Bertlrius
419 4029 461 4078 nte
482 4028 585 4093 reponit
601 4029 659 4091 Dei,
676 4039 704 4078 et
716 4030 801 4078 Solem
840 4027 878 4075 las
888 4026 965 4076 solvit
976 4027 1091 4075 humenti
1101 4027 1195 4089 peplo:
1214 4027 1275 4089 Ipsa
1283 4026 1373 4092 jussit,

274 4101 470 4170 interpretetur.
839 4112 914 4152 mane
926 4107 955 4151 ut
967 4102 1025 4152 udae
1045 4103 1158 4165 virgines
1178 4101 1277 4152 nubant
1295 4117 1370 4155 rusie.

307 4173 337 4228 ll
355 4179 483 4243 Roianus]
499 4177 578 4244 Apul.
596 4185 685 4228 noster
703 4178 729 4227 iu
748 4177 800 4228 tine
839 4177 915 4228 Fusa
925 4191 1039 4242 aprugno
1049 4177 1081 4226 de
1090 4191 1191 4235 errrore,
1201 4178 1284 4243 deque
1293 4177 1373 4228 Arno·
