2998 4884
581 341 761 392 EDYLMA·

117 480 343 567 Praepinguis,
353 486 451 559 teres,
464 480 604 563 ovipara
618 481 810 563 congestior
821 482 896 546 alvo
910 499 919 560 ;

116 584 336 669 Propexique
345 581 447 666 jubas
461 580 611 648 imitatus
629 581 742 646 Gobio
758 581 872 647 Barbi.

117 684 219 749 Nunc
236 702 339 766 pecus
354 701 542 766 aequoreum
556 682 782 759 celebrabere,
792 703 911 766 magne
925 683 1052 750 Silure:
1152 683 1217 750 135

118 784 228 863 Quem
243 785 334 850 velut
349 783 472 850 Actaeo
486 783 684 867 perductum
704 792 834 866 tergora
848 787 938 851 olivo

116 886 334 950 Amnioolam
350 884 521 968 Delphina
531 905 624 950 reor:
647 887 697 950 sic
710 905 771 969 per
781 886 867 950 freta
882 905 1036 968 magnum

116 987 274 1062 Laberis,
289 994 325 1050 et
337 986 427 1067 longi
441 987 501 1050 vix
516 987 666 1070 corporis
680 987 814 1068 agmina
828 987 946 1064 solvis,

117 1086 192 1152 Aut
205 1087 362 1152 brevibus
376 1085 512 1150 defensa
526 1087 636 1165 vadis,
653 1094 711 1150 aut
720 1087 869 1152 vfluminis
882 1088 981 1153 ulvis.

116 1189 191 1254 Aut
206 1209 280 1254 cum
294 1189 492 1273 tranquillos
506 1188 634 1267 moliris
648 1191 682 1254 in
697 1208 791 1254 amne
802 1195 940 1270 mffltue,
1154 1189 1218 1254 140

116 1291 170 1354 Te
185 1290 312 1354 virides
327 1291 424 1372 ripae,
440 1296 472 1354 te
488 1291 618 1356 coerula
632 1290 728 1354 turba
742 1295 925 1367 natantum,

118 1391 172 1454 Te
187 1391 327 1474 liquidae
343 1391 500 1456 mirentur
516 1410 634 1474 aquae:
657 1390 848 1454 diffunditur
862 1392 960 1456 alveo

118 1491 256 1568 AEstus,
271 1499 305 1556 et
320 1493 458 1580 extremi
470 1497 666 1574 procurrunt
679 1492 824 1574 margine
838 1490 971 1561 fluctus.

117 1583 216 1656 Telis
226 1590 416 1658 Atlantiaco
432 1593 600 1676 quondam
615 1593 757 1658 Bolaena
772 1593 951 1676 profundo,

119 1691 318 1772 Cum-rento
332 1701 466 1759 motuve
482 1713 545 1759 suo
560 1693 688 1757 telluris
704 1694 747 1757 ad
762 1713 837 1758 oras
1153 1696 1218 1758 145

120 1793 272 1872 Pellitur,
283 1795 457 1858 exclusum
471 1793 580 1858 fundit
590 1813 699 1874 mare;
721 1814 908 1878 magnaque
925 1802 1065 1876 surgunt

118 1895 285 1978 AEquora,
300 1896 466 1978 vicinique
485 1897 603 1959 timent
624 1896 814 1961 decrescere
830 1903 969 1961 montes.

121 2091 170 2124 non
185 2076 278 2136 longior
295 2076 383 2140 duplici
400 2078 478 2139 punio
496 2076 581 2140 uirque
593 2077 684 2140 pollice,
701 2077 785 2138 opirne,
804 2077 913 2132 rotunde,
930 2073 1060 2132 consotirr
1077 2072 1105 2120 ol
1117 2077 1220 2123 renuere

122 2153 219 2187 comm
230 2141 335 2203 plenum,
353 2145 377 2188 et
395 2141 435 2203 qni
452 2140 529 2200 resero
541 2140 613 2200 juia
634 2140 712 2188 Borii
726 2141 837 2214 properi.
869 2139 927 2187 Jern
945 2135 1109 2186 memorabere
1125 2150 1221 2200 orne,o

120 2203 224 2263 grandir
234 2203 322 2265 ditare,
332 2204 426 2253 morino
436 2203 530 2262 lelium
545 2211 572 2254 tu
582 2218 649 2266 quem
660 2203 769 2252 existimo
779 2217 827 2251 erre
842 2201 985 2265 Delphinum
993 2200 1139 2263 Jtrrriotilenr
1147 2203 1219 2263 perli-

96 2309 98 2316 ,
123 2271 175 2314 trun
186 2267 236 2314 oleo
252 2267 335 2316 Attico
345 2281 389 2329 per
400 2273 473 2316 toturn
489 2269 619 2331 cutrrn,itn
630 2267 698 2329 longe
709 2266 846 2329 lolerioper
856 2281 930 2329 more,
940 2271 963 2314 et
973 2267 1017 2313 oirr
1029 2264 1108 2326 ogitm
1126 2267 1222 2326 longum

124 2335 190 2378 tenne
201 2345 292 2392 corpur,
304 2346 355 2380 cum
370 2331 485 2381 olrutunt
502 2333 525 2381 ei
543 2333 602 2380 undu
613 2346 660 2381 non
670 2331 731 2380 ratic
738 2330 865 2393 profundo,
880 2335 922 2378 out
934 2328 1097 2390 imlaefluoii.
1134 2328 1221 2378 Verum

122 2395 216 2456 quondo
222 2395 314 2457 placide
323 2395 517 2458 mtoeinfluoiq
525 2401 549 2447 tc
558 2397 618 2458 ripe
629 2395 740 2456 virenter,
755 2400 779 2443 te
787 2395 896 2456 gloueum
906 2408 990 2455 agmen
999 2393 1109 2454 plocium,
1119 2396 1143 2440 te
1153 2393 1221 2440 unde

123 2457 403 2520 liquenterodrnirontur.
436 2461 520 2508 AErtuo
538 2459 592 2508 irinc
609 2458 664 2507 inde
681 2458 788 2507 excurrit
806 2472 820 2506 e
835 2457 987 2506 mediociter
1000 2455 1083 2519 fluuii,
1094 2460 1117 2504 et
1130 2454 1222 2518 fluetus

119 2519 236 2579 Jmntur
245 2537 317 2584 unque
326 2524 357 2571 od
365 2529 495 2572 extremum
504 2523 591 2587 ripam.
625 2522 689 2572 Telis
702 2522 827 2584 aliquando
838 2521 939 2570 Bolaerro
949 2521 974 2568 in
987 2521 1079 2568 Oceano
1091 2520 1221 2580 Atlantico,

124 2599 175 2633 rum
186 2585 318 2648 impellitur
328 2588 360 2634 od
367 2587 449 2636 littore
460 2592 503 2636 eut
512 2592 581 2636 cento
592 2591 634 2634 out
644 2587 738 2650 proprio
750 2585 849 2648 impetu,
864 2583 966 2647 dispellit
977 2583 1097 2631 hincinde
1106 2584 1189 2644 undar,
1199 2588 1223 2632 et

122 2661 236 2710 magnum
246 2665 325 2712 equor
336 2652 463 2714 attollitur,
472 2657 496 2700 et
513 2655 603 2700 rnorrter
617 2650 742 2714 propinqui
759 2654 868 2699 verenter
879 2663 907 2697 ne
918 2647 1050 2696 subrident.
1082 2646 1133 2695 Hic
1144 2651 1223 2694 tornrn

582 2773 762 2796 “Com'‘

126 2857 235 2922 hebent,
250 2857 528 2910 Actaeo..·Olioo.-litt
544 2861 661 2920 Rectiur,
678 2863 801 2909 censente
821 2857 977 2916 Pulmanno,
994 2852 1046 2900 duo
1065 2841 1170 2913 e'criptl:
1188 2852 1223 2898 At

619 2986 725 3064 noum

160 3088 210 3133 135
233 3085 322 3146 Magne
340 3082 496 3146 SilereiDe
515 3084 565 3134 lroe
584 3084 654 3133 Plin.
695 3095 765 3141 num,
786 3079 894 3128 Nicrum
916 3081 1046 3140 penetrat.
1080 3074 1112 3124 In
1132 3075 1223 3125 Danu*-

127 3159 171 3208 lib.
187 3171 230 3209 rx.
247 3173 304 3224 cap.
324 3165 364 3209 11.
389 3160 506 3210 ‘Silurur
524 3166 656 3224 grammor
695 3156 747 3206 bio·
772 3156 884 3204 Huroner
918 3153 968 3202 diei
1002 3152 1091 3202 Germ.
1112 3151 1225 3202 Bonan

125 3235 283 3300 ubicumque
300 3243 350 3298 eet,
368 3250 442 3285 omne
463 3236 558 3285 animal
578 3249 656 3299 appe·
694 3232 763 3282 idem
776 3231 822 3293 ait,
836 3230 880 3294 qni
892 3228 1002 3278 eundem
1024 3233 1101 3290 putat
1119 3241 1150 3275 ac
1162 3226 1225 3275 car·

127 3317 195 3374 tens,
218 3325 298 3376 equor
320 3317 440 3362 notanter
466 3326 537 3375 crepe
557 3311 657 3360 demer·
695 3307 792 3358 niodori
811 3301 1040 3368 ‘Ancoraginem'
1056 3302 1101 3352 lib.
1121 3313 1174 3351 ιιι.
1193 3301 1227 3350 E·

116 3402 200 3452 gene,
212 3388 345 3452 precipue
361 3387 388 3436 in
404 3388 492 3436 Moeno
508 3386 657 3437 Germaniae
696 3385 809 3448 pictav.

129 3477 202 3514 amne
222 3477 303 3527 prope
322 3463 450 3514 Lirboom.
483 3465 519 3513 Et
529 3463 556 3514 in
568 3465 657 3512 Danu·
729 3463 777 3509 116
792 3453 887 3516 Artoeo]
909 3452 1006 3502 Attico.
1046 3451 1177 3516 Frequens
1200 3450 1227 3499 ln

126 3538 168 3589 bio
179 3540 268 3590 Mario
280 3539 426 3589 extrahitur
442 3540 550 3603 porcnlo
561 3538 658 3588 marino
698 3534 789 3584 Attico
800 3531 854 3601 eolo
866 3529 943 3584 arbm
953 3525 1069 3576 Palladio
1080 3527 1146 3576 olen.

129 3617 283 3678 rimiilimue,
300 3622 329 3666 et
348 3616 374 3665 in
390 3615 547 3665 Boristlrene
563 3628 658 3664 memo·
731 3615 778 3660 111
798 3605 1016 3670 Viciniquetinrent
1026 3606 1228 3656 drurmmnron-
1282 3656 1289 3666 ,

128 3699 202 3742 ratur
226 3691 361 3755 praecipue
380 3690 567 3755 magnitudine,
585 3691 660 3750 npllir
698 3687 747 3749 ter]
763 3683 994 3746 Appropinqurnte
1009 3681 1076 3730 mole
1093 3679 1228 3744 undarum,

130 3767 660 3830 omibusepinieveinterritir,carneproe·
700 3776 776 3827 quero
793 3761 850 3824 agit
869 3763 930 3806 ante
952 3771 980 3805 re
1002 3755 1080 3820 pircir
1099 3756 1158 3808 ille:
1176 3771 1228 3820 qne

129 3843 217 3894 dulei?
229 3842 407 3897 Frelrerunhic
417 3843 662 3893 abAneonioSturi·
701 3836 803 3904 quidem
812 3835 839 3884 in
856 3833 1005 3882 immensum
1023 3837 1167 3894 crescente,
1183 3831 1227 3878 de·

129 3932 205 3969 onem
217 3918 304 3970 notari
315 3925 390 3982 putat
407 3917 568 3968 fluviatilium
585 3919 662 3982 piaci-
702 3927 822 3966 ereccere
841 3911 919 3961 vicini
934 3917 1036 3960 montet
1055 3909 1185 3977 videntur,
1201 3913 1228 3955 et

130 4009 172 4044 urn
184 3994 409 4060 maximumquod
421 4009 501 4058 genoe
512 3992 618 4059 (inquit)
634 3993 662 4042 in
701 3995 728 4043 in
747 4007 779 4042 eo
798 4005 854 4040 eree
875 3996 902 4038 ut
924 3990 956 4038 alr
972 3989 1016 4037 illa
1033 3989 1166 4048 aquantur
1183 3991 1228 4033 aut

132 4070 565 4136 lilrenononinnotenr,aliqonndo
582 4070 661 4120 etium
702 4073 864 4133 cuperentur.
897 4065 963 4114 Hoc
972 4059 1147 4124 hyperbolice.

132 4146 270 4204 illabentes
289 4147 320 4216 ei¹
332 4145 423 4198 durior
433 4147 578 4209 Mosellam,
593 4146 659 4194 Moe-
