<?xml version="1.0" encoding="UTF-8"?>
<!DOCTYPE html PUBLIC "-//W3C//DTD XHTML 1.0 Transitional//EN"
    "http://www.w3.org/TR/xhtml1/DTD/xhtml1-transitional.dtd">
<html xmlns="http://www.w3.org/1999/xhtml" xml:lang="en" lang="en">
 <head>
  <title>
</title>
<meta http-equiv="Content-Type" content="text/html;charset=utf-8" />
  <meta name='ocr-system' content='tesseract 3.04.00' />
  <meta name='ocr-capabilities' content='ocr_page ocr_carea ocr_par ocr_line ocrx_word'/>
</head>
<body>
  <div class='ocr_page' id='page_1' title='image "./dmagniausoniibu02ausogoog_0031.png"; bbox 0 0 2998 4884; ppageno 0'>
   <div class='ocr_carea' id='block_1_1' title="bbox 268 319 884 386">
    <p class='ocr_par' dir='ltr' id='par_1_1' title="bbox 268 319 884 386">
     <span class='ocr_line' id='line_1_1' title="bbox 268 319 884 386; baseline 0.003 -2"><span class='ocrx_word' id='word_1_1' title='bbox 268 319 332 385; x_wconf 79' lang='grc'>474</span> <span class='ocrx_word' id='word_1_2' title='bbox 730 334 884 386; x_wconf 78' lang='lat' dir='ltr'>sosoarr</span> 
     </span>
    </p>
   </div>
   <div class='ocr_carea' id='block_1_2' title="bbox 268 448 1189 1034">
    <p class='ocr_par' dir='ltr' id='par_1_2' title="bbox 268 448 1189 1034">
     <span class='ocr_line' id='line_1_2' title="bbox 312 448 1121 518; baseline 0 -5"><span class='ocrx_word' id='word_1_3' title='bbox 312 448 385 514; x_wconf 88' lang='lat' dir='ltr'>Nec</span> <span class='ocrx_word' id='word_1_4' title='bbox 401 448 492 513; x_wconf 89' lang='lat' dir='ltr'>solos</span> <span class='ocrx_word' id='word_1_5' title='bbox 506 449 672 514; x_wconf 85' lang='lat' dir='ltr'>hominurn</span> <span class='ocrx_word' id='word_1_6' title='bbox 685 449 830 518; x_wconf 82' lang='lat' dir='ltr'>delectat</span> <span class='ocrx_word' id='word_1_7' title='bbox 844 469 945 516; x_wconf 87' lang='lat' dir='ltr'>scena</span> <span class='ocrx_word' id='word_1_8' title='bbox 959 450 1121 515; x_wconf 85' lang='lat' dir='ltr'>locorum.</span> 
     </span>
     <span class='ocr_line' id='line_1_3' title="bbox 269 548 1094 634; baseline -0.001 -20"><span class='ocrx_word' id='word_1_9' title='bbox 269 548 340 614; x_wconf 88' lang='lat' dir='ltr'>Hic</span> <span class='ocrx_word' id='word_1_10' title='bbox 354 569 416 632; x_wconf 85' lang='lat' dir='ltr'>ego</span> <span class='ocrx_word' id='word_1_11' title='bbox 428 557 461 616; x_wconf 88' lang='lat' dir='ltr'>et</span> <span class='ocrx_word' id='word_1_12' title='bbox 474 556 620 632; x_wconf 76' lang='lat' dir='ltr'>agrestes</span> <span class='ocrx_word' id='word_1_13' title='bbox 631 550 771 629; x_wconf 89' lang='lat' dir='ltr'>Satiros,</span> <span class='ocrx_word' id='word_1_14' title='bbox 784 557 819 616; x_wconf 90' lang='lat' dir='ltr'>et</span> <span class='ocrx_word' id='word_1_15' title='bbox 832 553 953 634; x_wconf 83' lang='lat' dir='ltr'>glauca</span> <span class='ocrx_word' id='word_1_16' title='bbox 963 555 1094 614; x_wconf 84' lang='lat' dir='ltr'>tuentes</span> 
     </span>
     <span class='ocr_line' id='line_1_4' title="bbox 269 649 1055 733; baseline 0 -19"><span class='ocrx_word' id='word_1_17' title='bbox 269 649 415 728; x_wconf 87' lang='lat' dir='ltr'>Naidas,</span> <span class='ocrx_word' id='word_1_18' title='bbox 428 652 586 715; x_wconf 84' lang='lat' dir='ltr'><strong>extremis</strong></span> <span class='ocrx_word' id='word_1_19' title='bbox 600 652 733 716; x_wconf 91' lang='lat' dir='ltr'>credam</span> <span class='ocrx_word' id='word_1_20' title='bbox 749 671 945 718; x_wconf 87' lang='lat' dir='ltr'>concurrere</span> <span class='ocrx_word' id='word_1_21' title='bbox 958 652 1055 733; x_wconf 86' lang='lat' dir='ltr'>ripis,</span> 
     </span>
     <span class='ocr_line' id='line_1_5' title="bbox 269 747 1088 834; baseline 0.001 -21"><span class='ocrx_word' id='word_1_22' title='bbox 269 747 477 832; x_wconf 80' lang='lat' dir='ltr'>Gapripedes</span> <span class='ocrx_word' id='word_1_23' title='bbox 488 751 592 833; x_wconf 86' lang='lat' dir='ltr'>agitat</span> <span class='ocrx_word' id='word_1_24' title='bbox 606 771 680 816; x_wconf 90' lang='lat' dir='ltr'>cum</span> <span class='ocrx_word' id='word_1_25' title='bbox 693 752 772 816; x_wconf 86' lang='lat' dir='ltr'>laeta</span> <span class='ocrx_word' id='word_1_26' title='bbox 785 753 949 834; x_wconf 81' lang='lat' dir='ltr'><strong>protervia</strong></span> <span class='ocrx_word' id='word_1_27' title='bbox 963 752 1088 833; x_wconf 87' lang='lat' dir='ltr'>Panas,</span> 
     </span>
     <span class='ocr_line' id='line_1_6' title="bbox 268 847 1189 935; baseline 0.002 -23"><span class='ocrx_word' id='word_1_28' title='bbox 268 847 496 934; x_wconf 85' lang='lat' dir='ltr'>Insultantque</span> <span class='ocrx_word' id='word_1_29' title='bbox 512 852 618 928; x_wconf 88' lang='lat' dir='ltr'>vadis,</span> <span class='ocrx_word' id='word_1_30' title='bbox 632 851 847 935; x_wconf 88' lang='lat' dir='ltr'>trepidasque</span> <span class='ocrx_word' id='word_1_31' title='bbox 863 853 924 917; x_wconf 90' lang='lat' dir='ltr'>sub</span> <span class='ocrx_word' id='word_1_32' title='bbox 940 871 1036 916; x_wconf 88' lang='lat' dir='ltr'>amne</span> <span class='ocrx_word' id='word_1_33' title='bbox 1051 869 1189 932; x_wconf 77' lang='lat' dir='ltr'>sorores</span> 
     </span>
     <span class='ocr_line' id='line_1_7' title="bbox 268 950 1075 1034; baseline 0.001 -21"><span class='ocrx_word' id='word_1_34' title='bbox 268 950 421 1029; x_wconf 85' lang='lat' dir='ltr'>Terreat,</span> <span class='ocrx_word' id='word_1_35' title='bbox 432 952 572 1016; x_wconf 83' lang='lat' dir='ltr'>indocili</span> <span class='ocrx_word' id='word_1_36' title='bbox 587 951 763 1034; x_wconf 82' lang='lat' dir='ltr'><strong>pulsantes</strong></span> <span class='ocrx_word' id='word_1_37' title='bbox 781 953 914 1017; x_wconf 86' lang='lat' dir='ltr'>verbere</span> <span class='ocrx_word' id='word_1_38' title='bbox 926 952 1075 1016; x_wconf 89' lang='lat' dir='ltr'>fluctum.</span> 
     </span>
    </p>
   </div>
   <div class='ocr_carea' id='block_1_3' title="bbox 271 1049 1474 1135">
    <p class='ocr_par' dir='ltr' id='par_1_3' title="bbox 271 1049 1474 1135">
     <span class='ocr_line' id='line_1_8' title="bbox 271 1049 1474 1135; baseline -0.006 -18"><span class='ocrx_word' id='word_1_39' title='bbox 271 1052 372 1135; x_wconf 84' lang='lat' dir='ltr'>Saepe</span> <span class='ocrx_word' id='word_1_40' title='bbox 387 1054 486 1117; x_wconf 88' lang='lat' dir='ltr'>etiam</span> <span class='ocrx_word' id='word_1_41' title='bbox 500 1053 621 1117; x_wconf 90' lang='lat' dir='ltr'>mediis</span> <span class='ocrx_word' id='word_1_42' title='bbox 633 1052 742 1116; x_wconf 84' lang='lat' dir='ltr'>furata</span> <span class='ocrx_word' id='word_1_43' title='bbox 756 1073 776 1117; x_wconf 93' lang='lat' dir='ltr'>e</span> <span class='ocrx_word' id='word_1_44' title='bbox 790 1053 933 1116; x_wconf 89' lang='lat' dir='ltr'>collibus</span> <span class='ocrx_word' id='word_1_45' title='bbox 948 1072 1032 1116; x_wconf 87' lang='lat' dir='ltr'>uras</span> <span class='ocrx_word' id='word_1_46' title='bbox 1297 1049 1364 1132; x_wconf 78' lang='lat' dir='ltr'>trs</span> <span class='ocrx_word' id='word_1_47' title='bbox 1473 1091 1474 1094; x_wconf 19' lang='grc' dir='ltr'><strong>κ</strong></span> 
     </span>
    </p>
   </div>
   <div class='ocr_carea' id='block_1_4' title="bbox 271 1153 1367 1640">
    <p class='ocr_par' dir='ltr' id='par_1_4' title="bbox 271 1153 1010 1236">
     <span class='ocr_line' id='line_1_9' title="bbox 271 1153 1010 1236; baseline -0.001 -18"><span class='ocrx_word' id='word_1_48' title='bbox 271 1153 365 1219; x_wconf 87' lang='lat' dir='ltr'>Inter</span> <span class='ocrx_word' id='word_1_49' title='bbox 376 1154 539 1220; x_wconf 84' lang='lat' dir='ltr'>Oreiadas</span> <span class='ocrx_word' id='word_1_50' title='bbox 553 1154 694 1236; x_wconf 84' lang='lat' dir='ltr'>Panope</span> <span class='ocrx_word' id='word_1_51' title='bbox 707 1154 856 1218; x_wconf 86' lang='lat' dir='ltr'>fluvialis</span> <span class='ocrx_word' id='word_1_52' title='bbox 871 1155 1010 1231; x_wconf 80' lang='lat' dir='ltr'>amicae,</span> 
     </span>
    </p>

    <p class='ocr_par' dir='ltr' id='par_1_5' title="bbox 272 1253 1020 1339">
     <span class='ocr_line' id='line_1_10' title="bbox 272 1253 1020 1339; baseline -0.003 -21"><span class='ocrx_word' id='word_1_53' title='bbox 272 1254 371 1336; x_wconf 81' lang='lat' dir='ltr'>Fugit</span> <span class='ocrx_word' id='word_1_54' title='bbox 384 1256 534 1320; x_wconf 84' lang='lat' dir='ltr'>lascivos</span> <span class='ocrx_word' id='word_1_55' title='bbox 548 1256 717 1339; x_wconf 87' lang='lat' dir='ltr'>paganica</span> <span class='ocrx_word' id='word_1_56' title='bbox 730 1257 865 1320; x_wconf 87' lang='lat' dir='ltr'>numina</span> <span class='ocrx_word' id='word_1_57' title='bbox 876 1253 1020 1318; x_wconf 82' lang='lat' dir='ltr'>Faunos.</span> 
     </span>
    </p>

    <p class='ocr_par' dir='ltr' id='par_1_6' title="bbox 272 1354 1102 1440">
     <span class='ocr_line' id='line_1_11' title="bbox 272 1354 1102 1440; baseline -0.002 -20"><span class='ocrx_word' id='word_1_58' title='bbox 272 1356 416 1434; x_wconf 88' lang='lat' dir='ltr'>Dicitur,</span> <span class='ocrx_word' id='word_1_59' title='bbox 429 1366 464 1421; x_wconf 94' lang='lat' dir='ltr'>et</span> <span class='ocrx_word' id='word_1_60' title='bbox 477 1359 589 1422; x_wconf 88' lang='lat' dir='ltr'>medio</span> <span class='ocrx_word' id='word_1_61' title='bbox 604 1378 680 1422; x_wconf 88' lang='lat' dir='ltr'>oum</span> <span class='ocrx_word' id='word_1_62' title='bbox 696 1358 759 1422; x_wconf 90' lang='lat' dir='ltr'>Sol</span> <span class='ocrx_word' id='word_1_63' title='bbox 772 1358 867 1422; x_wconf 87' lang='lat' dir='ltr'>stetit</span> <span class='ocrx_word' id='word_1_64' title='bbox 880 1358 994 1440; x_wconf 87' lang='lat' dir='ltr'>igneus</span> <span class='ocrx_word' id='word_1_65' title='bbox 1010 1354 1102 1430; x_wconf 90' lang='lat' dir='ltr'>orbe,</span> 
     </span>
    </p>

    <p class='ocr_par' dir='ltr' id='par_1_7' title="bbox 271 1456 1367 1640">
     <span class='ocr_line' id='line_1_12' title="bbox 271 1456 1184 1541; baseline -0.003 -20"><span class='ocrx_word' id='word_1_66' title='bbox 271 1456 321 1522; x_wconf 85' lang='lat' dir='ltr'>At</span> <span class='ocrx_word' id='word_1_67' title='bbox 334 1477 508 1522; x_wconf 88' lang='lat' dir='ltr'>commune</span> <span class='ocrx_word' id='word_1_68' title='bbox 519 1459 652 1538; x_wconf 84' lang='lat' dir='ltr'>fretum,</span> <span class='ocrx_word' id='word_1_69' title='bbox 667 1459 812 1535; x_wconf 89' lang='lat' dir='ltr'>Satiros,</span> <span class='ocrx_word' id='word_1_70' title='bbox 826 1460 1021 1541; x_wconf 81' lang='lat' dir='ltr'>vitreasque</span> <span class='ocrx_word' id='word_1_71' title='bbox 1039 1474 1184 1532; x_wconf 90' lang='lat' dir='ltr'>sorores,</span> 
     </span>
     <span class='ocr_line' id='line_1_13' title="bbox 273 1553 1367 1640; baseline -0.005 -18"><span class='ocrx_word' id='word_1_72' title='bbox 273 1556 456 1622; x_wconf 74' lang='lat' dir='ltr'>consortes</span> <span class='ocrx_word' id='word_1_73' title='bbox 472 1559 635 1623; x_wconf 85' lang='lat' dir='ltr'>celebrare</span> <span class='ocrx_word' id='word_1_74' title='bbox 650 1560 789 1624; x_wconf 90' lang='lat' dir='ltr'>choros:</span> <span class='ocrx_word' id='word_1_75' title='bbox 813 1579 888 1623; x_wconf 88' lang='lat' dir='ltr'>curn</span> <span class='ocrx_word' id='word_1_76' title='bbox 903 1558 1048 1640; x_wconf 83' lang='lat' dir='ltr'>praebuit</span> <span class='ocrx_word' id='word_1_77' title='bbox 1062 1557 1161 1620; x_wconf 89' lang='lat' dir='ltr'>horas</span> <span class='ocrx_word' id='word_1_78' title='bbox 1301 1553 1367 1619; x_wconf 89' lang='grc'>180</span> 
     </span>
    </p>
   </div>
   <div class='ocr_carea' id='block_1_5' title="bbox 307 1772 1370 1842">
    <p class='ocr_par' dir='ltr' id='par_1_8' title="bbox 307 1755 1481 1842">
     <span class='ocr_line' id='line_1_14' title="bbox 307 1772 1370 1842; baseline -0.003 -17"><span class='ocrx_word' id='word_1_79' title='bbox 307 1777 474 1842; x_wconf 79' lang='lat' dir='ltr'>Neqnefacies</span> <span class='ocrx_word' id='word_1_80' title='bbox 484 1780 565 1829; x_wconf 81' lang='lat' dir='ltr'>borum</span> <span class='ocrx_word' id='word_1_81' title='bbox 576 1782 676 1830; x_wconf 75' lang='lat' dir='ltr'>locorum</span> <span class='ocrx_word' id='word_1_82' title='bbox 687 1780 786 1838; x_wconf 77' lang='lat' dir='ltr'>obiectat</span> <span class='ocrx_word' id='word_1_83' title='bbox 795 1782 855 1829; x_wconf 87' lang='lat' dir='ltr'>sotor</span> <span class='ocrx_word' id='word_1_84' title='bbox 865 1779 983 1829; x_wconf 81' lang='lat' dir='ltr'>borsines:</span> <span class='ocrx_word' id='word_1_85' title='bbox 996 1777 1121 1840; x_wconf 75' lang='lat' dir='ltr'>egasacibe</span> <span class='ocrx_word' id='word_1_86' title='bbox 1132 1774 1263 1826; x_wconf 73' lang='lat' dir='ltr'>existimem</span> <span class='ocrx_word' id='word_1_87' title='bbox 1274 1772 1370 1822; x_wconf 81' lang='lat' dir='ltr'>Satires</span> 
     </span>
    </p>
   </div>
   <div class='ocr_carea' id='block_1_6' title="bbox 267 1838 1373 2303">
    <p class='ocr_par' dir='ltr' id='par_1_9' title="bbox 267 1838 1373 2303">
     <span class='ocr_line' id='line_1_15' title="bbox 274 1838 1369 1905; baseline -0.005 -14"><span class='ocrx_word' id='word_1_88' title='bbox 274 1841 382 1905; x_wconf 59' lang='lat' dir='ltr'>munos,</span> <span class='ocrx_word' id='word_1_89' title='bbox 398 1848 421 1892; x_wconf 89' lang='lat' dir='ltr'>et</span> <span class='ocrx_word' id='word_1_90' title='bbox 441 1844 550 1892; x_wconf 87' lang='lat' dir='ltr'>Naiadas</span> <span class='ocrx_word' id='word_1_91' title='bbox 562 1844 668 1894; x_wconf 78' lang='lat' dir='ltr'>ceruicis</span> <span class='ocrx_word' id='word_1_92' title='bbox 683 1847 756 1894; x_wconf 79' lang='lat' dir='ltr'>acatis</span> <span class='ocrx_word' id='word_1_93' title='bbox 770 1845 809 1892; x_wconf 84' lang='lat' dir='ltr'>bic</span> <span class='ocrx_word' id='word_1_94' title='bbox 819 1845 845 1893; x_wconf 79' lang='lat' dir='ltr'>ia</span> <span class='ocrx_word' id='word_1_95' title='bbox 855 1844 968 1892; x_wconf 76' lang='lat' dir='ltr'>extmmis</span> <span class='ocrx_word' id='word_1_96' title='bbox 977 1841 1123 1903; x_wconf 77' lang='lat' dir='ltr'>marginibus</span> <span class='ocrx_word' id='word_1_97' title='bbox 1132 1840 1261 1899; x_wconf 66' lang='lat' dir='ltr'>cracem,</span> <span class='ocrx_word' id='word_1_98' title='bbox 1278 1838 1369 1900; x_wconf 74' lang='lat' dir='ltr'>quanda</span> 
     </span>
     <span class='ocr_line' id='line_1_16' title="bbox 274 1901 1366 1970; baseline -0.003 -18"><span class='ocrx_word' id='word_1_99' title='bbox 274 1901 360 1953; x_wconf 71' lang='lat' dir='ltr'>bibaris</span> <span class='ocrx_word' id='word_1_100' title='bbox 373 1908 505 1968; x_wconf 59' lang='lat' dir='ltr'>mutantia</span> <span class='ocrx_word' id='word_1_101' title='bbox 520 1909 621 1957; x_wconf 76' lang='lat' dir='ltr'>ametro</span> <span class='ocrx_word' id='word_1_102' title='bbox 633 1909 712 1957; x_wconf 84' lang='lat' dir='ltr'>Pasas</span> <span class='ocrx_word' id='word_1_103' title='bbox 721 1908 864 1970; x_wconf 76' lang='lat' dir='ltr'>capripedes,</span> <span class='ocrx_word' id='word_1_104' title='bbox 874 1911 898 1956; x_wconf 87' lang='lat' dir='ltr'>et</span> <span class='ocrx_word' id='word_1_105' title='bbox 908 1907 946 1954; x_wconf 82' lang='lat' dir='ltr'>tut</span> <span class='ocrx_word' id='word_1_106' title='bbox 957 1907 1066 1954; x_wconf 79' lang='lat' dir='ltr'>insiliunt</span> <span class='ocrx_word' id='word_1_107' title='bbox 1081 1907 1109 1954; x_wconf 81' lang='lat' dir='ltr'>irs</span> <span class='ocrx_word' id='word_1_108' title='bbox 1119 1918 1201 1967; x_wconf 72' lang='lat' dir='ltr'>aqam,</span> <span class='ocrx_word' id='word_1_109' title='bbox 1212 1908 1236 1951; x_wconf 85' lang='lat' dir='ltr'>et</span> <span class='ocrx_word' id='word_1_110' title='bbox 1251 1902 1366 1952; x_wconf 75' lang='lat' dir='ltr'>territant</span> 
     </span>
     <span class='ocr_line' id='line_1_17' title="bbox 273 1965 1369 2034; baseline -0.003 -18"><span class='ocrx_word' id='word_1_111' title='bbox 273 1973 365 2018; x_wconf 75' lang='lat' dir='ltr'>mores</span> <span class='ocrx_word' id='word_1_112' title='bbox 372 1971 470 2032; x_wconf 79' lang='lat' dir='ltr'>pavidas</span> <span class='ocrx_word' id='word_1_113' title='bbox 480 1970 752 2034; x_wconf 55' lang='lat' dir='ltr'>commmendando</span> <span class='ocrx_word' id='word_1_114' title='bbox 762 1973 848 2020; x_wconf 76' lang='lat' dir='ltr'>eadam</span> <span class='ocrx_word' id='word_1_115' title='bbox 857 1971 913 2018; x_wconf 85' lang='lat' dir='ltr'>radi</span> <span class='ocrx_word' id='word_1_116' title='bbox 922 1971 1058 2032; x_wconf 80' lang='lat' dir='ltr'>pulsatione.</span> <span class='ocrx_word' id='word_1_117' title='bbox 1093 1968 1162 2031; x_wconf 82' lang='lat' dir='ltr'>Soepc</span> <span class='ocrx_word' id='word_1_118' title='bbox 1172 1981 1260 2030; x_wconf 77' lang='lat' dir='ltr'>atroque</span> <span class='ocrx_word' id='word_1_119' title='bbox 1272 1965 1369 2027; x_wconf 78' lang='lat' dir='ltr'>Panope</span> 
     </span>
     <span class='ocr_line' id='line_1_18' title="bbox 267 2029 1373 2099; baseline -0.004 -19"><span class='ocrx_word' id='word_1_120' title='bbox 267 2031 385 2092; x_wconf 69' lang='lat' dir='ltr'>¹domines</span> <span class='ocrx_word' id='word_1_121' title='bbox 395 2035 497 2099; x_wconf 77' lang='lat' dir='ltr'>nympha</span> <span class='ocrx_word' id='word_1_122' title='bbox 507 2051 560 2084; x_wconf 85' lang='lat' dir='ltr'>cam</span> <span class='ocrx_word' id='word_1_123' title='bbox 569 2036 722 2098; x_wconf 65' lang='lat' dir='ltr'>abripuisset</span> <span class='ocrx_word' id='word_1_124' title='bbox 731 2049 852 2083; x_wconf 82' lang='lat' dir='ltr'>racemosa</span> <span class='ocrx_word' id='word_1_125' title='bbox 860 2035 943 2082; x_wconf 81' lang='lat' dir='ltr'>mediis</span> <span class='ocrx_word' id='word_1_126' title='bbox 950 2033 1045 2082; x_wconf 78' lang='lat' dir='ltr'>coitibus</span> <span class='ocrx_word' id='word_1_127' title='bbox 1055 2032 1118 2081; x_wconf 81' lang='lat' dir='ltr'>inter</span> <span class='ocrx_word' id='word_1_128' title='bbox 1127 2036 1250 2080; x_wconf 82' lang='lat' dir='ltr'>montanas</span> <span class='ocrx_word' id='word_1_129' title='bbox 1256 2029 1373 2092; x_wconf 80' lang='lat' dir='ltr'>sympbas</span> 
     </span>
     <span class='ocr_line' id='line_1_19' title="bbox 274 2091 1372 2160; baseline -0.001 -17"><span class='ocrx_word' id='word_1_130' title='bbox 274 2095 363 2145; x_wconf 70' lang='lat' dir='ltr'>anuas</span> <span class='ocrx_word' id='word_1_131' title='bbox 371 2111 425 2146; x_wconf 78' lang='lat' dir='ltr'>suas</span> <span class='ocrx_word' id='word_1_132' title='bbox 433 2099 505 2160; x_wconf 78' lang='lat' dir='ltr'>sagit</span> <span class='ocrx_word' id='word_1_133' title='bbox 515 2101 647 2160; x_wconf 68' lang='lat' dir='ltr'>meismes</span> <span class='ocrx_word' id='word_1_134' title='bbox 657 2100 752 2148; x_wconf 77' lang='lat' dir='ltr'>Faunos</span> <span class='ocrx_word' id='word_1_135' title='bbox 762 2098 827 2147; x_wconf 83' lang='lat' dir='ltr'>Deos</span> <span class='ocrx_word' id='word_1_136' title='bbox 837 2103 951 2159; x_wconf 81' lang='lat' dir='ltr'>agrestes.</span> <span class='ocrx_word' id='word_1_137' title='bbox 984 2098 1074 2146; x_wconf 76' lang='lat' dir='ltr'>Ferant</span> <span class='ocrx_word' id='word_1_138' title='bbox 1091 2097 1163 2145; x_wconf 74' lang='lat' dir='ltr'>etiarn</span> <span class='ocrx_word' id='word_1_139' title='bbox 1172 2096 1263 2157; x_wconf 78' lang='lat' dir='ltr'>quanda</span> <span class='ocrx_word' id='word_1_140' title='bbox 1271 2091 1372 2156; x_wconf 71' lang='lat' dir='ltr'>Substa-</span> 
     </span>
     <span class='ocr_line' id='line_1_20' title="bbox 272 2157 1372 2224; baseline -0.003 -16"><span class='ocrx_word' id='word_1_141' title='bbox 272 2171 349 2216; x_wconf 60' lang='grc' dir='ltr'>μακε</span> <span class='ocrx_word' id='word_1_142' title='bbox 358 2162 465 2210; x_wconf 79' lang='lat' dir='ltr'>mastitit</span> <span class='ocrx_word' id='word_1_143' title='bbox 477 2164 502 2210; x_wconf 83' lang='lat' dir='ltr'>ia</span> <span class='ocrx_word' id='word_1_144' title='bbox 513 2163 590 2211; x_wconf 85' lang='lat' dir='ltr'>medio</span> <span class='ocrx_word' id='word_1_145' title='bbox 599 2162 708 2223; x_wconf 81' lang='lat' dir='ltr'>circuita,</span> <span class='ocrx_word' id='word_1_146' title='bbox 724 2163 827 2224; x_wconf 79' lang='lat' dir='ltr'>Satires,</span> <span class='ocrx_word' id='word_1_147' title='bbox 837 2167 861 2209; x_wconf 79' lang='lat' dir='ltr'>et</span> <span class='ocrx_word' id='word_1_148' title='bbox 876 2175 967 2209; x_wconf 84' lang='lat' dir='ltr'>sorores</span> <span class='ocrx_word' id='word_1_149' title='bbox 977 2161 1019 2208; x_wconf 82' lang='lat' dir='ltr'>tim</span> <span class='ocrx_word' id='word_1_150' title='bbox 1038 2160 1086 2208; x_wconf 83' lang='lat' dir='ltr'>&#39;das</span> <span class='ocrx_word' id='word_1_151' title='bbox 1095 2159 1189 2221; x_wconf 60' lang='lat' dir='ltr'>scitam</span> <span class='ocrx_word' id='word_1_152' title='bbox 1198 2159 1267 2207; x_wconf 67' lang='lat' dir='ltr'>amul</span> <span class='ocrx_word' id='word_1_153' title='bbox 1275 2157 1372 2205; x_wconf 79' lang='lat' dir='ltr'>rborcas</span> 
     </span>
     <span class='ocr_line' id='line_1_21' title="bbox 275 2175 1372 2303; baseline 0.002 -36"><span class='ocrx_word' id='word_1_154' title='bbox 275 2223 307 2268; x_wconf 84' lang='lat' dir='ltr'>ad</span> <span class='ocrx_word' id='word_1_155' title='bbox 327 2223 404 2285; x_wconf 74' lang='lat' dir='ltr'>ripam</span> <span class='ocrx_word' id='word_1_156' title='bbox 419 2225 546 2274; x_wconf 73' lang='lat' dir='ltr'>commmis</span> <span class='ocrx_word' id='word_1_157' title='bbox 561 2240 637 2288; x_wconf 63' lang='lat' dir='ltr'>apes,</span> <span class='ocrx_word' id='word_1_158' title='bbox 658 2240 709 2273; x_wconf 81' lang='lat' dir='ltr'>cam</span> <span class='ocrx_word' id='word_1_159' title='bbox 723 2225 852 2303; x_wconf 76' lang='lat' dir='ltr'>¹ardentior</span> <span class='ocrx_word' id='word_1_160' title='bbox 871 2224 935 2272; x_wconf 81' lang='lat' dir='ltr'>rator</span> <span class='ocrx_word' id='word_1_161' title='bbox 956 2175 1063 2272; x_wconf 52' lang='lat' dir='ltr'>seufria</span> <span class='ocrx_word' id='word_1_162' title='bbox 1082 2224 1117 2272; x_wconf 86' lang='lat' dir='ltr'>eis</span> <span class='ocrx_word' id='word_1_163' title='bbox 1135 2229 1239 2288; x_wconf 84' lang='lat' dir='ltr'>tempora</span> <span class='ocrx_word' id='word_1_164' title='bbox 1255 2224 1344 2270; x_wconf 70' lang='lat' dir='ltr'>seram</span> <span class='ocrx_word' id='word_1_165' title='bbox 1355 2235 1372 2268; x_wconf 78' lang='lat' dir='ltr'>a</span> 
     </span>
    </p>
   </div>
   <div class='ocr_carea' id='block_1_7' title="bbox 731 2365 910 2386">
    <p class='ocr_par' dir='ltr' id='par_1_10' title="bbox 731 2365 910 2386">
     <span class='ocr_line' id='line_1_22' title="bbox 731 2365 910 2386; baseline -0.011 0"><span class='ocrx_word' id='word_1_166' title='bbox 731 2365 910 2386; x_wconf 52' lang='lat' dir='ltr'><em>‘mom&#39;</em></span> 
     </span>
    </p>
   </div>
   <div class='ocr_carea' id='block_1_8' title="bbox 276 2457 1376 2527">
    <p class='ocr_par' dir='ltr' id='par_1_11' title="bbox 276 2457 1376 2527">
     <span class='ocr_line' id='line_1_23' title="bbox 276 2457 1376 2527; baseline 0.007 -21"><span class='ocrx_word' id='word_1_167' title='bbox 276 2465 323 2508; x_wconf 85' lang='lat' dir='ltr'>net</span> <span class='ocrx_word' id='word_1_168' title='bbox 337 2457 492 2510; x_wconf 77' lang='lat' dir='ltr'>Accurrius:</span> <span class='ocrx_word' id='word_1_169' title='bbox 508 2461 601 2512; x_wconf 78' lang='lat' dir='ltr'>Probra</span> <span class='ocrx_word' id='word_1_170' title='bbox 612 2467 694 2512; x_wconf 74' lang='lat' dir='ltr'>serast</span> <span class='ocrx_word' id='word_1_171' title='bbox 704 2463 772 2513; x_wconf 78' lang='lat' dir='ltr'>daris</span> <span class='ocrx_word' id='word_1_172' title='bbox 785 2465 887 2515; x_wconf 77' lang='lat' dir='ltr'>c.-l⁷9</span> <span class='ocrx_word' id='word_1_173' title='bbox 907 2463 941 2512; x_wconf 87' lang='lat' dir='ltr'>Ut</span> <span class='ocrx_word' id='word_1_174' title='bbox 956 2477 1074 2513; x_wconf 80' lang='lat' dir='ltr'>commate</span> <span class='ocrx_word' id='word_1_175' title='bbox 1084 2464 1244 2527; x_wconf 55' lang='lat' dir='ltr'>Vola—19³</span> <span class='ocrx_word' id='word_1_176' title='bbox 1261 2463 1304 2513; x_wconf 81' lang='lat' dir='ltr'>st.</span> <span class='ocrx_word' id='word_1_177' title='bbox 1315 2478 1376 2527; x_wconf 89' lang='lat' dir='ltr'>prr·</span> 
     </span>
    </p>
   </div>
   <div class='ocr_carea' id='block_1_9' title="bbox 723 2597 879 2650">
    <p class='ocr_par' dir='ltr' id='par_1_12' title="bbox 723 2597 879 2650">
     <span class='ocr_line' id='line_1_24' title="bbox 723 2597 879 2650; baseline -0.013 0"><span class='ocrx_word' id='word_1_178' title='bbox 723 2611 729 2624; x_wconf 90' lang='lat'>·</span> <span class='ocrx_word' id='word_1_179' title='bbox 771 2597 879 2650; x_wconf 80' lang='lat' dir='ltr'>NOTAE</span> 
     </span>
    </p>
   </div>
   <div class='ocr_carea' id='block_1_10' title="bbox 276 2689 1378 4196">
    <p class='ocr_par' dir='ltr' id='par_1_13' title="bbox 276 2689 1377 3664">
     <span class='ocr_line' id='line_1_25' title="bbox 286 2689 1375 2759; baseline 0.005 -19"><span class='ocrx_word' id='word_1_180' title='bbox 286 2735 289 2740; x_wconf 88' lang='lat'><em>.</em></span> <span class='ocrx_word' id='word_1_181' title='bbox 309 2689 804 2759; x_wconf 58' lang='lat' dir='ltr'>‘leSceaabacrrsmffiuperiosdisitr</span> <span class='ocrx_word' id='word_1_182' title='bbox 844 2695 878 2745; x_wconf 91' lang='lat' dir='ltr'>sit</span> <span class='ocrx_word' id='word_1_183' title='bbox 892 2695 950 2745; x_wconf 82' lang='lat' dir='ltr'>brec</span> <span class='ocrx_word' id='word_1_184' title='bbox 970 2709 1002 2744; x_wconf 80' lang='lat' dir='ltr'>ex</span> <span class='ocrx_word' id='word_1_185' title='bbox 1021 2695 1062 2744; x_wconf 87' lang='lat' dir='ltr'>iris</span> <span class='ocrx_word' id='word_1_186' title='bbox 1081 2694 1158 2745; x_wconf 85' lang='lat' dir='ltr'>Statii</span> <span class='ocrx_word' id='word_1_187' title='bbox 1175 2695 1202 2744; x_wconf 87' lang='lat' dir='ltr'>in</span> <span class='ocrx_word' id='word_1_188' title='bbox 1220 2695 1375 2746; x_wconf 86' lang='lat' dir='ltr'>Surrentino</span> 
     </span>
     <span class='ocr_line' id='line_1_26' title="bbox 278 2769 1347 2836; baseline 0 -16"><span class='ocrx_word' id='word_1_189' title='bbox 278 2772 456 2836; x_wconf 83' lang='lat' dir='ltr'>‘naturalique</span> <span class='ocrx_word' id='word_1_190' title='bbox 463 2772 572 2822; x_wconf 87' lang='lat' dir='ltr'>theatro.</span> <span class='ocrx_word' id='word_1_191' title='bbox 584 2772 805 2834; x_wconf 84' lang='lat' dir='ltr'>Scenalocorum,’</span> <span class='ocrx_word' id='word_1_192' title='bbox 843 2769 939 2819; x_wconf 88' lang='lat' dir='ltr'>Pollii:</span> <span class='ocrx_word' id='word_1_193' title='bbox 957 2769 1051 2833; x_wconf 80' lang='lat' dir='ltr'>‘Soepe</span> <span class='ocrx_word' id='word_1_194' title='bbox 1068 2784 1115 2833; x_wconf 89' lang='lat' dir='ltr'>per</span> <span class='ocrx_word' id='word_1_195' title='bbox 1134 2769 1303 2832; x_wconf 79' lang='lat' dir='ltr'>Autumnum,</span> <span class='ocrx_word' id='word_1_196' title='bbox 1317 2771 1347 2834; x_wconf 82' lang='lat' dir='ltr'>ja</span> 
     </span>
     <span class='ocr_line' id='line_1_27' title="bbox 276 2843 1375 2910; baseline 0 -14"><span class='ocrx_word' id='word_1_197' title='bbox 276 2847 348 2896; x_wconf 88' lang='lat' dir='ltr'>locus</span> <span class='ocrx_word' id='word_1_198' title='bbox 363 2853 458 2910; x_wconf 90' lang='lat' dir='ltr'>tectus,</span> <span class='ocrx_word' id='word_1_199' title='bbox 474 2854 502 2897; x_wconf 92' lang='lat' dir='ltr'>et</span> <span class='ocrx_word' id='word_1_200' title='bbox 520 2861 590 2897; x_wconf 86' lang='lat' dir='ltr'>more</span> <span class='ocrx_word' id='word_1_201' title='bbox 601 2847 697 2899; x_wconf 83' lang='lat' dir='ltr'>theatri</span> <span class='ocrx_word' id='word_1_202' title='bbox 710 2849 805 2898; x_wconf 87' lang='lat' dir='ltr'>leniter</span> <span class='ocrx_word' id='word_1_203' title='bbox 844 2844 1004 2907; x_wconf 84' lang='lat' dir='ltr'>pubescente</span> <span class='ocrx_word' id='word_1_204' title='bbox 1016 2845 1103 2907; x_wconf 77' lang='lat' dir='ltr'>Lyaeo,</span> <span class='ocrx_word' id='word_1_205' title='bbox 1116 2843 1273 2895; x_wconf 82' lang='lat' dir='ltr'>Conscendit</span> <span class='ocrx_word' id='word_1_206' title='bbox 1283 2859 1375 2909; x_wconf 81' lang='lat' dir='ltr'>scopu·</span> 
     </span>
     <span class='ocr_line' id='line_1_28' title="bbox 278 2919 1376 2992; baseline 0.005 -20"><span class='ocrx_word' id='word_1_207' title='bbox 278 2937 424 2987; x_wconf 78' lang='lat' dir='ltr'>assurgens.</span> <span class='ocrx_word' id='word_1_208' title='bbox 456 2925 538 2974; x_wconf 80' lang='lat' dir='ltr'>Scene</span> <span class='ocrx_word' id='word_1_209' title='bbox 547 2925 615 2975; x_wconf 87' lang='lat' dir='ltr'>enim</span> <span class='ocrx_word' id='word_1_210' title='bbox 626 2925 804 2975; x_wconf 86' lang='lat' dir='ltr'>umbraculum</span> <span class='ocrx_word' id='word_1_211' title='bbox 845 2919 892 2982; x_wconf 77' lang='lat'>1⁰⁸,</span> <span class='ocrx_word' id='word_1_212' title='bbox 917 2919 1053 2984; x_wconf 69' lang='lat' dir='ltr'>metitque</span> <span class='ocrx_word' id='word_1_213' title='bbox 1080 2921 1184 2992; x_wconf 70' lang='lat' dir='ltr'><strong>⁰⁰0⁰th</strong></span> <span class='ocrx_word' id='word_1_214' title='bbox 1207 2919 1254 2968; x_wconf 74' lang='lat'>⁸1¹¹)</span> <span class='ocrx_word' id='word_1_215' title='bbox 1274 2919 1376 2982; x_wconf 61' lang='lat' dir='ltr'>umbre,</span> 
     </span>
     <span class='ocr_line' id='line_1_29' title="bbox 278 2994 1377 3060; baseline 0.001 -17"><span class='ocrx_word' id='word_1_216' title='bbox 278 3006 328 3060; x_wconf 81' lang='lat' dir='ltr'>err,</span> <span class='ocrx_word' id='word_1_217' title='bbox 338 3007 444 3049; x_wconf 77' lang='lat' dir='ltr'>auctore</span> <span class='ocrx_word' id='word_1_218' title='bbox 454 3001 545 3050; x_wconf 78' lang='lat' dir='ltr'>Servio</span> <span class='ocrx_word' id='word_1_219' title='bbox 556 2999 587 3048; x_wconf 82' lang='lat' dir='ltr'>ad</span> <span class='ocrx_word' id='word_1_220' title='bbox 596 3016 616 3052; x_wconf 87' lang='lat'>1.</span> <span class='ocrx_word' id='word_1_221' title='bbox 625 3002 725 3051; x_wconf 78' lang='lat' dir='ltr'>AEnetd.</span> <span class='ocrx_word' id='word_1_222' title='bbox 736 3003 805 3052; x_wconf 79' lang='lat' dir='ltr'>uude</span> <span class='ocrx_word' id='word_1_223' title='bbox 845 2996 959 3046; x_wconf 85' lang='lat' dir='ltr'>Palmits</span> <span class='ocrx_word' id='word_1_224' title='bbox 966 3000 1066 3044; x_wconf 85' lang='lat' dir='ltr'>maturo</span> <span class='ocrx_word' id='word_1_225' title='bbox 1074 2995 1189 3044; x_wconf 86' lang='lat' dir='ltr'>rorantia</span> <span class='ocrx_word' id='word_1_226' title='bbox 1197 2994 1292 3045; x_wconf 87' lang='lat' dir='ltr'>lomina</span> <span class='ocrx_word' id='word_1_227' title='bbox 1299 2995 1377 3044; x_wconf 88' lang='lat' dir='ltr'>tersit</span> 
     </span>
     <span class='ocr_line' id='line_1_30' title="bbox 278 3069 1375 3139; baseline 0.003 -21"><span class='ocrx_word' id='word_1_228' title='bbox 278 3085 357 3121; x_wconf 88' lang='lat' dir='ltr'>scena</span> <span class='ocrx_word' id='word_1_229' title='bbox 366 3073 499 3125; x_wconf 84' lang='lat' dir='ltr'>theatralis</span> <span class='ocrx_word' id='word_1_230' title='bbox 510 3075 548 3124; x_wconf 87' lang='lat' dir='ltr'>sic</span> <span class='ocrx_word' id='word_1_231' title='bbox 559 3074 642 3136; x_wconf 86' lang='lat' dir='ltr'>dieta,</span> <span class='ocrx_word' id='word_1_232' title='bbox 656 3077 724 3139; x_wconf 86' lang='lat' dir='ltr'>qaod</span> <span class='ocrx_word' id='word_1_233' title='bbox 736 3077 806 3138; x_wconf 86' lang='lat' dir='ltr'>apud</span> <span class='ocrx_word' id='word_1_234' title='bbox 846 3072 951 3133; x_wconf 87' lang='lat' dir='ltr'>Nereis,</span> <span class='ocrx_word' id='word_1_235' title='bbox 969 3080 997 3119; x_wconf 88' lang='lat' dir='ltr'>et</span> <span class='ocrx_word' id='word_1_236' title='bbox 1010 3070 1101 3120; x_wconf 85' lang='lat' dir='ltr'>dulces</span> <span class='ocrx_word' id='word_1_237' title='bbox 1111 3071 1199 3134; x_wconf 84' lang='lat' dir='ltr'>rapuit</span> <span class='ocrx_word' id='word_1_238' title='bbox 1216 3069 1249 3120; x_wconf 87' lang='lat' dir='ltr'>de</span> <span class='ocrx_word' id='word_1_239' title='bbox 1264 3070 1375 3121; x_wconf 85' lang='lat' dir='ltr'>collibus</span> 
     </span>
     <span class='ocr_line' id='line_1_31' title="bbox 279 3145 1377 3216; baseline 0.002 -21"><span class='ocrx_word' id='word_1_240' title='bbox 279 3145 407 3211; x_wconf 80' lang='lat' dir='ltr'>Antiquos</span> <span class='ocrx_word' id='word_1_241' title='bbox 418 3162 477 3197; x_wconf 87' lang='lat' dir='ltr'>cum</span> <span class='ocrx_word' id='word_1_242' title='bbox 493 3148 618 3211; x_wconf 85' lang='lat' dir='ltr'>parietem</span> <span class='ocrx_word' id='word_1_243' title='bbox 629 3164 680 3197; x_wconf 86' lang='lat' dir='ltr'>non</span> <span class='ocrx_word' id='word_1_244' title='bbox 691 3150 807 3216; x_wconf 85' lang='lat' dir='ltr'>haberet,</span> <span class='ocrx_word' id='word_1_245' title='bbox 846 3162 917 3198; x_wconf 86' lang='lat' dir='ltr'>uras.</span> <span class='ocrx_word' id='word_1_246' title='bbox 960 3146 1038 3210; x_wconf 76' lang='lat' dir='ltr'>Sapo</span> <span class='ocrx_word' id='word_1_247' title='bbox 1058 3153 1086 3196; x_wconf 88' lang='lat' dir='ltr'>et</span> <span class='ocrx_word' id='word_1_248' title='bbox 1111 3146 1196 3197; x_wconf 87' lang='lat' dir='ltr'>ricino</span> <span class='ocrx_word' id='word_1_249' title='bbox 1222 3161 1312 3210; x_wconf 82' lang='lat' dir='ltr'>sparsa</span> <span class='ocrx_word' id='word_1_250' title='bbox 1333 3154 1377 3198; x_wconf 90' lang='lat' dir='ltr'>est</span> 
     </span>
     <span class='ocr_line' id='line_1_32' title="bbox 280 3218 1376 3285; baseline 0.004 -17"><span class='ocrx_word' id='word_1_251' title='bbox 280 3219 312 3269; x_wconf 90' lang='lat' dir='ltr'>de</span> <span class='ocrx_word' id='word_1_252' title='bbox 323 3218 459 3270; x_wconf 81' lang='lat' dir='ltr'>frondibus</span> <span class='ocrx_word' id='word_1_253' title='bbox 469 3222 576 3285; x_wconf 77' lang='lat' dir='ltr'>quatita</span> <span class='ocrx_word' id='word_1_254' title='bbox 584 3224 741 3274; x_wconf 85' lang='lat' dir='ltr'>umbracula.</span> <span class='ocrx_word' id='word_1_255' title='bbox 845 3221 975 3272; x_wconf 84' lang='lat' dir='ltr'>vindemia</span> <span class='ocrx_word' id='word_1_256' title='bbox 993 3219 1083 3285; x_wconf 85' lang='lat' dir='ltr'>fluctu,</span> <span class='ocrx_word' id='word_1_257' title='bbox 1102 3221 1138 3270; x_wconf 83' lang='lat' dir='ltr'>Et</span> <span class='ocrx_word' id='word_1_258' title='bbox 1159 3222 1236 3272; x_wconf 79' lang='lat' dir='ltr'>satiri</span> <span class='ocrx_word' id='word_1_259' title='bbox 1254 3222 1376 3273; x_wconf 86' lang='lat' dir='ltr'>cecidere</span> 
     </span>
     <span class='ocr_line' id='line_1_33' title="bbox 282 3295 1377 3365; baseline 0.001 -15"><span class='ocrx_word' id='word_1_260' title='bbox 282 3343 287 3350; x_wconf 86' lang='lat'><em>.</em></span> <span class='ocrx_word' id='word_1_261' title='bbox 312 3295 328 3324; x_wconf 80' lang='lat'>&#39;</span> <span class='ocrx_word' id='word_1_262' title='bbox 339 3300 385 3347; x_wconf 92' lang='grc'>171</span> <span class='ocrx_word' id='word_1_263' title='bbox 404 3296 507 3359; x_wconf 86' lang='lat' dir='ltr'>Naidas]</span> <span class='ocrx_word' id='word_1_264' title='bbox 531 3297 650 3347; x_wconf 76' lang='lat' dir='ltr'>Pontium</span> <span class='ocrx_word' id='word_1_265' title='bbox 662 3306 690 3349; x_wconf 89' lang='lat' dir='ltr'>et</span> <span class='ocrx_word' id='word_1_266' title='bbox 702 3301 806 3351; x_wconf 83' lang='lat' dir='ltr'>Florio·</span> <span class='ocrx_word' id='word_1_267' title='bbox 848 3299 937 3350; x_wconf 86' lang='lat' dir='ltr'>radis:</span> <span class='ocrx_word' id='word_1_268' title='bbox 955 3298 1100 3365; x_wconf 85' lang='lat' dir='ltr'>nudamque</span> <span class='ocrx_word' id='word_1_269' title='bbox 1119 3315 1168 3365; x_wconf 89' lang='lat' dir='ltr'>per</span> <span class='ocrx_word' id='word_1_270' title='bbox 1182 3301 1263 3351; x_wconf 87' lang='lat' dir='ltr'>undas</span> <span class='ocrx_word' id='word_1_271' title='bbox 1274 3301 1377 3351; x_wconf 86' lang='lat' dir='ltr'>Dorida</span> 
     </span>
     <span class='ocr_line' id='line_1_34' title="bbox 280 3371 1377 3440; baseline 0.005 -20"><span class='ocrx_word' id='word_1_272' title='bbox 280 3385 336 3420; x_wconf 87' lang='lat' dir='ltr'>rum</span> <span class='ocrx_word' id='word_1_273' title='bbox 348 3372 494 3436; x_wconf 81' lang='lat' dir='ltr'>Nymphas,</span> <span class='ocrx_word' id='word_1_274' title='bbox 504 3371 550 3422; x_wconf 71' lang='lat' dir='ltr'>aab</span> <span class='ocrx_word' id='word_1_275' title='bbox 561 3375 604 3422; x_wconf 80' lang='grc' dir='ltr'>τοῦ</span> <span class='ocrx_word' id='word_1_276' title='bbox 612 3371 676 3424; x_wconf 72' lang='grc' dir='ltr'>νάειν</span> <span class='ocrx_word' id='word_1_277' title='bbox 685 3373 775 3427; x_wconf 87' lang='lat' dir='ltr'>fluere.</span> <span class='ocrx_word' id='word_1_278' title='bbox 846 3375 964 3426; x_wconf 82' lang='lat' dir='ltr'>Montani</span> <span class='ocrx_word' id='word_1_279' title='bbox 976 3378 1112 3440; x_wconf 88' lang='lat' dir='ltr'>cupierunt</span> <span class='ocrx_word' id='word_1_280' title='bbox 1126 3377 1254 3440; x_wconf 84' lang='lat' dir='ltr'>prendere</span> <span class='ocrx_word' id='word_1_281' title='bbox 1270 3376 1377 3426; x_wconf 72' lang='lat' dir='ltr'>Panes!</span> 
     </span>
     <span class='ocr_line' id='line_1_35' title="bbox 289 3445 1375 3515; baseline 0.005 -19"><span class='ocrx_word' id='word_1_282' title='bbox 289 3477 290 3482; x_wconf 62' lang='lat'><em>=</em></span> <span class='ocrx_word' id='word_1_283' title='bbox 312 3445 387 3497; x_wconf 70' lang='grc'><strong>’177</strong></span> <span class='ocrx_word' id='word_1_284' title='bbox 406 3447 723 3514; x_wconf 82' lang='lat' dir='ltr'>Gapripedes....Parras]</span> <span class='ocrx_word' id='word_1_285' title='bbox 747 3453 808 3503; x_wconf 83' lang='lat' dir='ltr'>Una</span> <span class='ocrx_word' id='word_1_286' title='bbox 878 3450 894 3479; x_wconf 80' lang='lat'>&#39;</span> <span class='ocrx_word' id='word_1_287' title='bbox 916 3456 965 3502; x_wconf 83' lang='grc'>176</span> <span class='ocrx_word' id='word_1_288' title='bbox 990 3453 1059 3502; x_wconf 78' lang='lat' dir='ltr'>later</span> <span class='ocrx_word' id='word_1_289' title='bbox 1082 3451 1210 3514; x_wconf 84' lang='lat' dir='ltr'>Oreiadas]</span> <span class='ocrx_word' id='word_1_290' title='bbox 1238 3451 1375 3515; x_wconf 81' lang='lat' dir='ltr'>Nymphas</span> 
     </span>
     <span class='ocr_line' id='line_1_36' title="bbox 280 3523 1375 3592; baseline 0.005 -19"><span class='ocrx_word' id='word_1_291' title='bbox 280 3536 339 3576; x_wconf 82' lang='lat' dir='ltr'>cum</span> <span class='ocrx_word' id='word_1_292' title='bbox 352 3523 437 3574; x_wconf 86' lang='lat' dir='ltr'>Diana</span> <span class='ocrx_word' id='word_1_293' title='bbox 444 3535 473 3574; x_wconf 91' lang='lat' dir='ltr'>et</span> <span class='ocrx_word' id='word_1_294' title='bbox 482 3525 573 3575; x_wconf 86' lang='lat' dir='ltr'>Satiris</span> <span class='ocrx_word' id='word_1_295' title='bbox 582 3527 730 3577; x_wconf 83' lang='lat' dir='ltr'>venantium</span> <span class='ocrx_word' id='word_1_296' title='bbox 741 3542 807 3592; x_wconf 81' lang='lat' dir='ltr'>prae·</span> <span class='ocrx_word' id='word_1_297' title='bbox 847 3527 982 3592; x_wconf 85' lang='lat' dir='ltr'>montium,</span> <span class='ocrx_word' id='word_1_298' title='bbox 990 3526 1038 3577; x_wconf 68' lang='grc' dir='ltr'>ἀπὸ</span> <span class='ocrx_word' id='word_1_299' title='bbox 1047 3529 1089 3577; x_wconf 77' lang='grc' dir='ltr'>τοῦ</span> <span class='ocrx_word' id='word_1_300' title='bbox 1098 3527 1375 3592; x_wconf 70' lang='lat' dir='ltr'>tparavirgilAEneid.</span> 
     </span>
     <span class='ocr_line' id='line_1_37' title="bbox 281 3597 1132 3664; baseline 0.011 -18"><span class='ocrx_word' id='word_1_301' title='bbox 281 3597 360 3660; x_wconf 80' lang='lat' dir='ltr'>sides,</span> <span class='ocrx_word' id='word_1_302' title='bbox 380 3598 476 3649; x_wconf 81' lang='lat' dir='ltr'>oridia</span> <span class='ocrx_word' id='word_1_303' title='bbox 503 3600 530 3650; x_wconf 85' lang='lat' dir='ltr'>in</span> <span class='ocrx_word' id='word_1_304' title='bbox 557 3601 643 3664; x_wconf 85' lang='lat' dir='ltr'>Epist.</span> <span class='ocrx_word' id='word_1_305' title='bbox 667 3602 808 3655; x_wconf 79' lang='lat' dir='ltr'>Pbaedrssr</span> <span class='ocrx_word' id='word_1_306' title='bbox 848 3617 869 3653; x_wconf 87' lang='lat' dir='ltr'>t.</span> <span class='ocrx_word' id='word_1_307' title='bbox 887 3604 1038 3655; x_wconf 86' lang='lat' dir='ltr'>‘Oreades’</span> <span class='ocrx_word' id='word_1_308' title='bbox 1054 3605 1132 3655; x_wconf 83' lang='lat' dir='ltr'>dixit.</span> 
     </span>
    </p>

    <p class='ocr_par' dir='ltr' id='par_1_14' title="bbox 279 3669 1378 4124">
     <span class='ocr_line' id='line_1_38' title="bbox 279 3669 1374 3744; baseline 0.005 -20"><span class='ocrx_word' id='word_1_309' title='bbox 279 3669 339 3724; x_wconf 72' lang='lat' dir='ltr'>‘Sic</span> <span class='ocrx_word' id='word_1_310' title='bbox 356 3671 461 3726; x_wconf 82' lang='lat' dir='ltr'>faveant</span> <span class='ocrx_word' id='word_1_311' title='bbox 478 3675 557 3726; x_wconf 85' lang='lat' dir='ltr'>Satiri</span> <span class='ocrx_word' id='word_1_312' title='bbox 575 3683 748 3743; x_wconf 81' lang='lat' dir='ltr'>montanaque</span> <span class='ocrx_word' id='word_1_313' title='bbox 765 3694 809 3730; x_wconf 88' lang='lat' dir='ltr'>nu·</span> <span class='ocrx_word' id='word_1_314' title='bbox 881 3678 896 3708; x_wconf 77' lang='lat'>&#39;⁵</span> <span class='ocrx_word' id='word_1_315' title='bbox 916 3684 963 3730; x_wconf 89' lang='grc'>177</span> <span class='ocrx_word' id='word_1_316' title='bbox 981 3679 1106 3742; x_wconf 69' lang='lat' dir='ltr'>Paganica</span> <span class='ocrx_word' id='word_1_317' title='bbox 1116 3680 1226 3744; x_wconf 77' lang='lat' dir='ltr'>ramira]</span> <span class='ocrx_word' id='word_1_318' title='bbox 1242 3679 1374 3744; x_wconf 75' lang='lat' dir='ltr'>Agrestis,</span> 
     </span>
     <span class='ocr_line' id='line_1_39' title="bbox 280 3747 1378 3822; baseline 0.009 -26"><span class='ocrx_word' id='word_1_319' title='bbox 280 3747 809 3819; x_wconf 83' lang='lat' dir='ltr'>roiuaPanes,Etcadatadrersacuspide</span> <span class='ocrx_word' id='word_1_320' title='bbox 848 3755 976 3805; x_wconf 87' lang='lat' dir='ltr'>arusticis</span> <span class='ocrx_word' id='word_1_321' title='bbox 987 3755 1247 3820; x_wconf 78' lang='lat' dir='ltr'>sirePaganisculta.</span> <span class='ocrx_word' id='word_1_322' title='bbox 1268 3754 1378 3822; x_wconf 71' lang='lat' dir='ltr'>APsgo</span> 
     </span>
     <span class='ocr_line' id='line_1_40' title="bbox 279 3823 1376 3894; baseline 0.009 -21"><span class='ocrx_word' id='word_1_323' title='bbox 279 3823 466 3888; x_wconf 65' lang='lat' dir='ltr'>fossassperss</span> <span class='ocrx_word' id='word_1_324' title='bbox 498 3827 570 3877; x_wconf 88' lang='lat' dir='ltr'>Dicti</span> <span class='ocrx_word' id='word_1_325' title='bbox 584 3843 686 3894; x_wconf 86' lang='lat' dir='ltr'>qnoque</span> <span class='ocrx_word' id='word_1_326' title='bbox 701 3831 809 3893; x_wconf 73' lang='lat' dir='ltr'>‘Capri</span> <span class='ocrx_word' id='word_1_327' title='bbox 848 3832 968 3894; x_wconf 75' lang='lat' dir='ltr'>Paganue</span> <span class='ocrx_word' id='word_1_328' title='bbox 980 3837 1008 3880; x_wconf 88' lang='lat' dir='ltr'>et</span> <span class='ocrx_word' id='word_1_329' title='bbox 1018 3831 1172 3894; x_wconf 78' lang='lat' dir='ltr'>Pagasicus.</span> <span class='ocrx_word' id='word_1_330' title='bbox 1206 3831 1322 3892; x_wconf 72' lang='lat' dir='ltr'>Eandem</span> <span class='ocrx_word' id='word_1_331' title='bbox 1330 3848 1376 3883; x_wconf 85' lang='lat' dir='ltr'>ro-</span> 
     </span>
     <span class='ocr_line' id='line_1_41' title="bbox 280 3898 1377 3971; baseline 0.009 -22"><span class='ocrx_word' id='word_1_332' title='bbox 280 3898 378 3962; x_wconf 86' lang='lat' dir='ltr'>pedes&#39;</span> <span class='ocrx_word' id='word_1_333' title='bbox 395 3900 543 3964; x_wconf 87' lang='lat' dir='ltr'>Propertio,</span> <span class='ocrx_word' id='word_1_334' title='bbox 553 3902 599 3951; x_wconf 91' lang='lat' dir='ltr'>lib.</span> <span class='ocrx_word' id='word_1_335' title='bbox 612 3916 655 3953; x_wconf 84' lang='lat' dir='ltr'>ur.</span> <span class='ocrx_word' id='word_1_336' title='bbox 664 3904 737 3968; x_wconf 78' lang='lat' dir='ltr'>Eieg.</span> <span class='ocrx_word' id='word_1_337' title='bbox 750 3918 808 3956; x_wconf 84' lang='lat' dir='ltr'>xrr.</span> <span class='ocrx_word' id='word_1_338' title='bbox 848 3920 903 3956; x_wconf 87' lang='lat' dir='ltr'>cero</span> <span class='ocrx_word' id='word_1_339' title='bbox 915 3912 1022 3968; x_wconf 84' lang='lat' dir='ltr'>usurpat</span> <span class='ocrx_word' id='word_1_340' title='bbox 1033 3907 1116 3956; x_wconf 88' lang='lat' dir='ltr'>Varro</span> <span class='ocrx_word' id='word_1_341' title='bbox 1127 3905 1161 3956; x_wconf 90' lang='lat' dir='ltr'>de</span> <span class='ocrx_word' id='word_1_342' title='bbox 1170 3906 1234 3971; x_wconf 74' lang='lat' dir='ltr'>ling.</span> <span class='ocrx_word' id='word_1_343' title='bbox 1245 3909 1303 3958; x_wconf 74' lang='lat' dir='ltr'>let.</span> <span class='ocrx_word' id='word_1_344' title='bbox 1315 3922 1341 3960; x_wconf 89' lang='lat' dir='ltr'>v.</span> <span class='ocrx_word' id='word_1_345' title='bbox 1352 3913 1377 3960; x_wconf 74' lang='lat'>8.</span> 
     </span>
     <span class='ocr_line' id='line_1_42' title="bbox 283 3975 1377 4046; baseline 0.007 -20"><span class='ocrx_word' id='word_1_346' title='bbox 283 3975 461 4040; x_wconf 79' lang='lat' dir='ltr'>‘Capripedes</span> <span class='ocrx_word' id='word_1_347' title='bbox 486 3977 584 4026; x_wconf 83' lang='lat' dir='ltr'>calamo</span> <span class='ocrx_word' id='word_1_348' title='bbox 611 3978 697 4028; x_wconf 86' lang='lat' dir='ltr'>Panes</span> <span class='ocrx_word' id='word_1_349' title='bbox 720 3978 808 4030; x_wconf 83' lang='lat' dir='ltr'>triante</span> <span class='ocrx_word' id='word_1_350' title='bbox 848 3983 1006 4046; x_wconf 71' lang='lat' dir='ltr'>‘Paganica</span> <span class='ocrx_word' id='word_1_351' title='bbox 1023 3981 1096 4032; x_wconf 75' lang='lat' dir='ltr'>feria</span> <span class='ocrx_word' id='word_1_352' title='bbox 1115 3983 1279 4046; x_wconf 76' lang='lat' dir='ltr'>agriculturae</span> <span class='ocrx_word' id='word_1_353' title='bbox 1298 3998 1377 4035; x_wconf 77' lang='lat' dir='ltr'>cause</span> 
     </span>
     <span class='ocr_line' id='line_1_43' title="bbox 282 4051 1377 4124; baseline 0.009 -24"><span class='ocrx_word' id='word_1_354' title='bbox 282 4051 396 4109; x_wconf 68' lang='lat' dir='ltr'>canent!</span> <span class='ocrx_word' id='word_1_355' title='bbox 558 4109 560 4114; x_wconf 58' lang='grc'><em>,</em></span> <span class='ocrx_word' id='word_1_356' title='bbox 849 4055 1377 4124; x_wconf 66' lang='grc' dir='ltr'>ειιιοορῑω;’οῐΜιιηίεΙίιΙίΙ).ιιν.Ερίς.</span> 
     </span>
    </p>

    <p class='ocr_par' dir='ltr' id='par_1_15' title="bbox 316 4127 1191 4196">
     <span class='ocr_line' id='line_1_44' title="bbox 316 4127 1191 4196; baseline 0.007 -18"><span class='ocrx_word' id='word_1_357' title='bbox 316 4129 361 4179; x_wconf 76' lang='grc'>177</span> <span class='ocrx_word' id='word_1_358' title='bbox 373 4127 519 4192; x_wconf 78' lang='lat' dir='ltr'>Soepeetiam</span> <span class='ocrx_word' id='word_1_359' title='bbox 528 4129 679 4193; x_wconf 63' lang='lat' dir='ltr'>meditata]</span> <span class='ocrx_word' id='word_1_360' title='bbox 693 4131 807 4194; x_wconf 79' lang='lat' dir='ltr'>Expres·</span> <span class='ocrx_word' id='word_1_361' title='bbox 849 4145 911 4183; x_wconf 76' lang='lat' dir='ltr'>xcv.</span> <span class='ocrx_word' id='word_1_362' title='bbox 927 4131 1077 4196; x_wconf 72' lang='lat' dir='ltr'>‘Paganica</span> <span class='ocrx_word' id='word_1_363' title='bbox 1088 4132 1191 4195; x_wconf 78' lang='lat' dir='ltr'>ptuma&#39;</span> 
     </span>
    </p>
   </div>
   <div class='ocr_carea' id='block_1_11' title="bbox 0 0 1519 4884">
    <p class='ocr_par' dir='ltr' id='par_1_16' title="bbox 0 0 1519 4884">
     <span class='ocr_line' id='line_1_45' title="bbox 0 0 1519 4884; baseline 0 0"><span class='ocrx_word' id='word_1_364' title='bbox 0 0 1519 4884; x_wconf 95' lang='lat' dir='ltr'> </span> 
     </span>
    </p>
   </div>
  </div>
 </body>
</html>
