3034 4878
292 354 356 419 842
761 366 916 416 nusoun

293 515 416 600 quibus
439 513 583 594 remigio,
608 518 643 576 et
668 513 867 576 necessariis
891 509 1045 576 omnihus
1067 510 1161 574 navis
1189 511 1381 592 instruitur;

291 616 525 698 dormiensque
539 615 574 677 in
590 614 741 678 Ithacam
751 613 961 697 quietissima
974 613 1189 692 navigatione
1197 612 1381 678 devehitur.

291 717 405 799 Atque
417 717 485 780 illic
499 716 533 779 in
547 724 645 800 portu
659 716 772 798 patrio
784 734 860 779 cum
875 713 1066 778 muneribus
1081 715 1246 778 universis
1269 718 1383 798 quies·

292 839 385 897 cens,
398 824 431 883 et
444 821 588 883 omnium
603 819 736 900 ignarus
751 818 950 900 exponitur3
973 814 1172 880 Phaeacibus
1198 836 1238 881 eo
1261 817 1384 882 dormi-

293 928 367 988 ente
383 922 617 986 remeantibus

293 1093 373 1144 muttit
380 1095 511 1144 membru
520 1113 535 1144 a
542 1095 673 1158 proceribus
681 1097 806 1145 Pheneum
814 1112 822 1144 .·
832 1112 847 1145 c
856 1095 938 1159 quiite
945 1096 1010 1144 mois
1018 1100 1123 1145 nnnotm
1129 1097 1258 1158 remigibus
1265 1105 1290 1148 et
1296 1098 1387 1147 eunctis

292 1161 429 1209 neremuriir
438 1161 470 1208 cd
478 1161 651 1221 nongentum:
668 1176 695 1209 oc
710 1160 792 1210 Ulixes
802 1159 907 1218 detetur
916 1160 1067 1220 nurssmicne
1077 1161 1272 1224 tranquillissime
1281 1161 1305 1210 in
1316 1162 1385 1210 lcta-

293 1225 479 1273 cumdormiens.
510 1223 589 1287 Atque
605 1224 639 1272 ihi
656 1225 790 1274 demittitur
806 1225 831 1273 in
841 1229 933 1286 portum
949 1225 1036 1286 pctrioe
1053 1239 1101 1273 sue
1118 1240 1171 1273 cum
1185 1225 1291 1274 omnibus
1306 1227 1385 1285 donis,

228 1295 235 1308 ·
293 1289 391 1352 sopitur,
406 1291 430 1338 et
440 1288 530 1338 nescim
543 1288 707 1353 omniumque
720 1294 789 1352 gertr
799 1295 866 1338 erunt
873 1305 882 1345 ,·
899 1289 1035 1338 Ptrensibus
1045 1289 1214 1340 revertentibus
1228 1291 1283 1338 darn
1298 1291 1386 1338 dormi·

293 1357 339 1402 ret.

532 1570 720 1619 centocun
738 1569 819 1619 xiv.
843 1561 1033 1619 naussum.
1085 1553 1151 1620 458

404 1705 576 1795 Egreditur
587 1718 692 1792 portu,
707 1707 805 1774 tennis
819 1727 878 1793 qno
893 1706 998 1770 cernitu
1013 1702 1107 1770 ducit.

337 1845 369 1910 2.
392 1843 515 1909 Somno
530 1841 747 1926 expergitus¹
764 1841 912 1906 Ulixes·
935 1848 1125 1925 portum-et
1150 1841 1243 1906 littus
1269 1844 1387 1926 patriae

295 1961 362 2010 non
376 1946 447 2010 sinc
461 1944 560 2008 animi
575 1943 836 2008 consternatione
852 1945 1045 2033 cognoscit:
1070 1945 1329 2028 admiraturque,
1349 1951 1389 2008 ut

298 2047 471 2124 advectus
486 2054 525 2110 ut
538 2048 729 2130 expositus,
751 2053 787 2110 ut
808 2047 944 2111 relictus
960 2047 1016 2123 sit,
1037 2051 1073 2109 ut
1097 2054 1217 2110 cuncta
1231 2047 1389 2110 nesciret.

297 2147 329 2211 3.
340 2148 495 2230 Requirit
506 2148 662 2212 universa
677 2148 847 2214 donorum:
864 2167 940 2230 quae
953 2155 1131 2231 postquam
1143 2148 1324 2212 incolumia
1339 2149 1389 2211 vi-

298 2249 364 2326 det,
378 2270 477 2332 quam
491 2257 606 2332 potest
615 2251 781 2314 tutissime
796 2252 960 2330 occultat3
978 2251 1194 2331 consiliisque
1205 2269 1226 2312 a
1236 2249 1390 2314 Minerva

298 2349 522 2427 confirmatus,
533 2350 576 2413 ad
590 2369 718 2415 servum
735 2349 856 2414 suumb
880 2351 1054 2416 Eumaeum
1069 2351 1244 2415 subulcum
1253 2351 1389 2415 simula-

328 2535 391 2582 Erit
403 2539 495 2596 eportu
505 2549 549 2596 quo
558 2540 682 2596 angustum
691 2537 736 2583 iter
744 2535 845 2585 deducit.
1034 2585 1036 2590 ,
1290 2591 1292 2596 ,
1309 2587 1312 2596 ,

333 2597 416 2647 Ulixes
425 2599 542 2646 excitatus
553 2613 631 2646 somno
640 2600 746 2659 agneten
756 2615 802 2648 non
816 2602 866 2648 sine
880 2606 974 2663 stupore
985 2603 1070 2650 mentis
1083 2605 1178 2663 portum
1190 2604 1213 2648 et
1225 2599 1294 2648 tr'ttus
1302 2598 1389 2661 patrie

298 2677 360 2710 sue:
375 2665 399 2711 et
410 2662 520 2722 miratur,
535 2678 580 2725 qno
593 2668 661 2726 pructo
670 2663 761 2712 delutut
771 2665 824 2725 truc,
841 2669 865 2712 et
880 2666 993 2714 &missus
1008 2669 1033 2713 in
1045 2671 1131 2713 terrum
1142 2670 1165 2713 et
1179 2667 1284 2713 desertus
1300 2663 1334 2711 iti
1348 2662 1390 2720 sit,

297 2725 333 2775 ita
343 2731 369 2774 at
379 2727 456 2774 omniu
465 2727 507 2775 ille
518 2729 645 2788 ignoruret.
662 2727 754 2788 Querit
766 2743 862 2777 munero
871 2731 949 2778 omnio
958 2745 1009 2793 quoe
1017 2729 1063 2792 ipsi
1074 2745 1089 2777 a
1101 2729 1238 2778 Phoeucilrus
1247 2731 1303 2776 duta
1311 2731 1390 2785 muru,

296 2805 347 2852 que
358 2806 409 2838 cum
419 2791 546 2852 asportaret
556 2794 620 2839 satec
632 2806 690 2851 esse,
701 2792 820 2840 abscondit
836 2807 863 2841 eu
878 2809 946 2855 quern
962 2794 1063 2842 manime
1074 2799 1124 2842 tuto
1134 2798 1209 2856 potest
1219 2809 1228 2849 ,·
1245 2797 1269 2840 et
1275 2793 1388 2855 firmetur

296 2855 399 2903 consiliis
412 2871 427 2903 a
439 2855 547 2918 Pallade,
561 2855 625 2904 uenit
637 2856 713 2920 fietus
729 2859 759 2905 nt
769 2872 860 2905 serrum
870 2873 936 2905 suurn
948 2859 1069 2906 Eumaeum
1078 2857 1196 2906 ortanum
1207 2859 1282 2920 specie
1291 2855 1389 2903 uminis

334 3101 347 3144 l
369 3099 511 3161 Expergitus
528 3099 665 3163 legendum
688 3106 775 3149 monet
796 3099 916 3163 Vinctus,
938 3115 989 3149 non
1008 3105 1164 3164 experrectus,
1183 3106 1211 3148 ut
1227 3098 1273 3149 inf.
1291 3097 1393 3161 reponit

790 3253 898 3303 NOTAE

333 3381 346 3408 ⁸
361 3375 447 3439 Somno
458 3374 594 3437 expergitur
607 3375 702 3438 Ulixes]
721 3373 786 3424 ttaec
799 3383 827 3425 et
864 3391 934 3438 quum
949 3377 1073 3426 incolumia
1089 3375 1163 3436 ridet,
1179 3390 1247 3438 quern
1264 3380 1338 3439 potest
1356 3380 1391 3423 tu-

302 3450 436 3514 saquentia
455 3463 533 3512 nsque
553 3449 585 3498 ad
604 3451 650 3499 illa
669 3452 756 3513 rerba,
775 3452 825 3500 ‘ad
865 3452 954 3500 insitae
970 3453 1085 3500 ocnrttct:
1101 3451 1273 3513 consiliisquec
1284 3452 1392 3500 Meum

301 3539 403 3575 servum
424 3538 497 3573 errirm
523 3525 655 3574 Ennianum
677 3525 827 3588 subulcum,’
865 3528 1024 3591 confirmatus,
1038 3532 1132 3590 portum
1141 3531 1166 3575 et
1175 3527 1243 3574 littus
1251 3527 1338 3588 putrioe
1346 3542 1391 3575 non

301 3599 499 3662 adruperiorem
507 3598 677 3660 lttrapsodiam
686 3601 828 3664 pertinent,
866 3602 916 3650 sine
926 3603 999 3650 animi
1009 3602 1193 3650 consternatione
1204 3601 1329 3660 eogrroseit.
1349 3600 1391 3649 Sic

301 3689 352 3724 non
362 3674 395 3724 ad
406 3675 479 3734 hanc,
495 3673 521 3721 in
538 3672 611 3737 cnjus
622 3675 773 3726 Periocham
785 3691 827 3725 ne·
868 3675 970 3740 inquam
981 3677 1031 3724 isto
1042 3675 1141 3736 ordina,
1159 3680 1187 3723 et
1197 3674 1325 3737 conjunge
1336 3688 1391 3722 cum

303 3752 356 3802 scio
366 3766 400 3800 an
409 3751 443 3799 ab
454 3751 576 3808 Ariseria,
589 3758 663 3802 certe
675 3767 691 3800 a
708 3769 828 3816 quocum·
869 3749 992 3800 Periocha
998 3750 1138 3813 superiore,
1146 3751 1391 3812 adeamerrimspec-

303 3845 353 3894 que
366 3828 469 3878 tandem
479 3829 554 3878 valde
566 3830 706 3879 oscitanter
717 3840 777 3881 strnt
790 3847 828 3881 re·
869 3835 935 3889 tant,
950 3843 981 3876 eo
992 3829 1088 3891 qnippe
1097 3827 1188 3876 ordine
1202 3831 1276 3890 gesta
1286 3827 1330 3876 illa
1341 3841 1391 3876 οιιι-

296 3906 379 3968 jecta.
396 3904 489 3968 Neque
500 3905 527 3953 in
538 3905 569 3954 iis
580 3906 683 3970 quidem
694 3906 758 3957 ordo
766 3910 828 3958 ratis
869 3903 912 3950 nia
922 3903 989 3951 libro
1001 3915 1064 3950 ¹¹11·
1076 3899 1233 3951 referuntur·

302 3981 410 4031 lucidus.
443 3982 550 4044 Repoue
570 3981 623 4030 sic:
643 3982 728 4032 &mna
746 3999 828 4046 exper.
901 3978 912 4012 l
936 3978 977 4027 Aa
997 3977 1188 4040 serrumnsuurn]
1222 3977 1274 4027 Hic
1301 3977 1393 4042 incipit

303 4062 381 4105 rectus
399 4057 539 4111 admiretur.
559 4061 588 4104 'ut
606 4059 725 4121 adtrectat,
740 4065 767 4109 ut
786 4074 827 4108 ex.
869 4053 1019 4117 Rhapsodic
1029 4067 1089 4102 xiv.
1101 4053 1211 4116 hincque
1221 4053 1286 4102 adso
1296 4067 1393 4104 sumeu-

301 4131 402 4194 positus,
410 4134 437 4177 ut
445 4131 589 4194 relictusne,
598 4137 623 4180 ut
631 4139 713 4182 cuncto
721 4135 827 4184 nesciret.
869 4130 928 4182 dum
938 4132 1038 4182 initium
1049 4130 1182 4180 Periocha
1193 4129 1277 4192 hujus.
1340 4139 1343 4148 ¹

306 4205 419 4267 Requirit
434 4207 541 4256 uniuersa
556 4209 682 4268 donorum
698 4225 747 4274 que
764 4216 830 4274 port·
