2998 4884
303 357 368 424 494
775 367 929 417 rusorur

302 516 389 580 Esse
403 513 454 579 tui
468 513 625 596 cupiunt:
647 517 757 576 tantus
770 507 1027 593 properantibus
1042 507 1142 575 undis

302 613 470 691 Ambitus,
485 621 543 676 aut
556 613 679 678 moles:
703 611 838 693 quodsi
853 611 926 688 tibi,
941 611 1001 674 dia
1015 610 1174 691 Mosella,

304 715 446 796 Smyrna
459 731 554 777 suum
568 717 688 788 vatem,
703 711 762 776 vel
774 709 914 773 Mantua
927 710 1018 773 clara
1033 710 1197 776 dedisset:
1324 710 1388 776 875

303 814 444 878 (lederet
457 813 572 877 Iliacis
587 812 711 876 Simois
725 815 927 874 memoratus
937 809 974 874 in
988 810 1069 886 oris,

303 914 378 978 Neo
393 913 553 995 praeferto
563 930 642 977 snos
657 910 793 975 auderet
805 907 922 974 Tibris
936 910 1092 973 bonores.

303 1013 359 1076 Da
373 1015 501 1078 veniam
514 1013 605 1089 mibi,
621 1012 733 1076 Roma
748 1017 884 1094 potense
907 1010 1019 1092 pulsa,
1034 1028 1103 1086 oro,
1116 1008 1264 1075 lacessat

302 1111 453 1177 Invidia:
476 1119 512 1175 et
526 1111 635 1176 naua
650 1109 810 1176 Nemesis
823 1128 891 1174 non
905 1110 1041 1190 cognita
1054 1109 1188 1192 lingnae,
1483 1191 1484 1202 ἵ

301 1210 439 1293 Imperii
453 1209 578 1286 sedam,
591 1208 778 1291 Romaeqno
791 1213 884 1274 tuere
898 1214 1063 1291 parentes·
1096 1205 1100 1212 ’
1211 1273 1214 1278 ,
1325 1209 1392 1276 880

302 1405 346 1454 olr'i
352 1405 427 1469 florii
435 1412 505 1455 areat
514 1405 560 1455 tibi
570 1405 705 1468 murat,
713 1410 783 1468 prore
793 1403 887 1467 adanu
896 1403 980 1462 fertur
988 1404 1094 1454 celerias.
1112 1405 1212 1454 Tarm
1221 1403 1284 1454 inat
1299 1404 1390 1467 raptri-

302 1469 369 1530 totr'r,
383 1473 425 1516 nat
434 1470 544 1530 pondera
553 1470 619 1531 aqut·
629 1471 660 1518 od
670 1475 694 1519 te
704 1467 883 1528 fodientibus.
919 1467 987 1522 Quod
996 1469 1019 1514 ri
1030 1468 1179 1530 θωμαστά
1189 1469 1278 1530 iactum
1286 1468 1390 1522 Mantua

302 1531 353 1578 etta·
361 1531 498 1593 proebairoet
508 1547 573 1582 uara
589 1532 694 1594 po'ae'tara,
709 1532 811 1581 odierint
822 1531 932 1590 Monta,
950 1529 1038 1578 Sirmio
1047 1531 1176 1580 celebratae
1187 1532 1213 1580 ia
1225 1531 1320 1591 regione
1333 1532 1390 1579 'lbo-

295 1593 356 1652 J'aao
373 1594 418 1644 tibi
434 1596 533 1656 rederet,
549 1599 573 1644 at
586 1595 676 1644 asnaa
691 1610 738 1644 aar
753 1595 851 1644 maaet
860 1597 1000 1654 anteponere
1009 1608 1075 1640 mora
1090 1595 1192 1654 gloriarer
1204 1600 1261 1643 trra.
1292 1593 1390 1654 Inous

301 1655 361 1704 mitt
376 1670 390 1704 o
407 1657 605 1708 sammaa.
640 1658 734 1708 lusidio
748 1656 838 1716 fugata
856 1655 936 1716 proctd
955 1655 1034 1716 obem,
1047 1669 1145 1716 pretor:
1160 1661 1184 1708 rt
1203 1662 1230 1708 trr
1248 1671 1262 1706 o
1281 1656 1391 1706 Nemetis

302 1718 386 1780 insta
404 1720 498 1771 latim
515 1722 612 1782 tiam,
627 1726 724 1784 protege
740 1718 883 1772 domicilium
899 1718 1007 1780 Imperii,
1023 1723 1048 1768 et
1064 1724 1143 1781 potres
1162 1719 1251 1772 Roma.
1284 1718 1390 1780 aaran
1482 1741 1484 1764 t

757 1857 941 1880 nunonem

302 1954 399 2008 versos
407 1956 450 2008 bia
461 1956 500 2024 (nl
512 1957 596 2008 desint
607 1956 698 2029 aliqui)
713 1957 789 2022 bojas
801 1971 861 2006 sane
871 1957 923 2008 loci
934 1968 985 2006 non
997 1955 1106 2006 ridetur.
1138 1956 1227 2007 Porrit
1236 1961 1323 2008 antem
1332 1969 1390 2006 erae

791 2099 901 2152 NOTAE

301 2196 419 2258 Biserara,
429 2197 610 2260 walacram,
620 2203 657 2260 et,
664 2211 740 2262 quern
752 2197 826 2248 addit
867 2196 949 2258 anm
956 2195 991 2246 ob
999 2196 1026 2245 ld
1036 2193 1294 2245 Romaerirnulaerom
1306 2193 1333 2243 in
1342 2195 1391 2245 Ca·

300 2271 438 2332 Probatus,
451 2271 524 2318 Orno.
864 2270 955 2332 pitolio
973 2275 1013 2320 eet
1029 2268 1145 2335 quamvis
1159 2268 1279 2316 Latinum
1295 2281 1391 2317 nomen

331 2349 378 2396 8⁷5
391 2344 565 2414 Smyrnaeorum
573 2344 662 2406 mara]
673 2343 825 2408 Homerum,
864 2358 914 2393 non
923 2343 974 2394 sit!
983 2344 1105 2394 Graecum
1113 2347 1252 2391 rereraest
1261 2342 1390 2391 Nemesis.

300 2433 376 2480 ouem
396 2424 493 2480 praeter
515 2418 578 2466 alios
597 2419 690 2466 multos
715 2420 822 2482 populos
864 2418 932 2466 vide
952 2418 985 2468 ad
997 2418 1080 2466 Notas
1099 2415 1175 2479 Epig.
1187 2427 1247 2466 xxi.
1269 2415 1390 2465 Nemesis

298 2493 415 2554 smyrnae,
432 2491 563 2554 pracipne
575 2504 648 2540 auum
667 2492 749 2543 ciram
767 2506 823 2542 aare
864 2492 990 2541 eGraeeo.

298 2565 498 2615 contendebant.
519 2565 574 2616 cio.
595 2579 642 2628 pro
661 2563 754 2616 Arabia
773 2565 823 2614 Po·
895 2569 943 2614 88⁰
960 2565 1059 2628 Imperii
1069 2564 1158 2626 aedem]
1174 2564 1317 2628 Angustam
1328 2565 1389 2614 'lba-

299 2638 359 2688 tta:
387 2639 550 2688 ‘Homerum
570 2639 722 2702 Colophonii
741 2640 823 2689 civem
864 2653 993 2701 verorum,
1014 2637 1047 2686 de
1068 2653 1120 2703 qna
1135 2652 1228 2701 snpra:
1253 2637 1262 2666 ‘
1274 2638 1399 2701 Dignata

300 2727 358 2764 esea
376 2713 469 2762 dicunt
483 2713 630 2776 soum,cbii
651 2729 723 2763 snum
735 2715 821 2764 rendi·
862 2712 976 2775 Imperio
994 2711 1115 2762 moeniar’
1137 2713 1235 2776 qnippe
1247 2711 1390 2762 Gratianus
1485 2759 1486 2768 ,

298 2794 370 2849 cant,
385 2788 517 2838 Salaminii
536 2795 669 2851 repetunt,
696 2789 822 2852 Smyrnal
862 2786 929 2854 Imp.
939 2787 1062 2839 Treveris
1079 2794 1109 2835 nt
1125 2787 1262 2849 plurimum
1281 2788 1389 2850 agebat.

297 2875 359 2912 vero
377 2877 451 2911 snum
472 2876 529 2912 essa
545 2861 716 2916 confirmant:
735 2863 821 2927 itaquo
861 2862 904 2914 Ibi
921 2877 1022 2928 quoquo
1041 2862 1208 2912 consolatum
1231 2861 1288 2910 iniit
1305 2862 1390 2913 Auso·

298 2937 375 2987 etiarn
388 2937 522 2987 delubrum
533 2938 623 3000 ejualn
635 2936 732 3000 oppido
748 2937 821 2985 dedi·
863 2938 930 2999 nius,
940 2943 967 2986 et
978 2951 1024 3000 pro
1036 2938 1119 2988 altera
1134 2937 1216 2986 Roma
1226 2947 1284 2986 eam
1295 2937 1388 2987 orbern

297 3012 821 3076 caverunt:permultialliprartereapng·
860 3010 959 3062 babuit·

297 3088 360 3132 nant
372 3084 442 3132 iuter
452 3098 490 3143 se,
502 3090 581 3146 atque
593 3083 772 3135 contendunt!
893 3085 908 3113 ·
925 3085 1024 3146 Imperii
1034 3083 1121 3146 aedem]
1137 3084 1279 3148 Angustam
1290 3084 1386 3134 'l'rere-

333 3157 377 3206 Vel
386 3156 500 3219 Mortuo]
515 3156 662 3218 Virgilium.
861 3171 946 3205 rorum
962 3158 1006 3212 nbi
1026 3158 1165 3207 Gratianus
1184 3159 1287 3222 agebat,
1302 3173 1386 3223 eoque

328 3235 378 3288 870
393 3230 481 3280 &mole
489 3231 638 3293 memoratas]
654 3228 697 3279 Ab
708 3230 822 3280 Homero
862 3243 930 3279 naso
951 3231 1058 3292 Imperii
1076 3231 1164 3280 sedern
1190 3231 1299 3294 factam,
1325 3246 1387 3282 mox

297 3304 393 3367 aaepins
404 3305 430 3353 in
443 3303 532 3353 lliade.
545 3359 548 3368 ¹
861 3319 931 3368 sape
941 3307 1209 3368 averaam,inoenaam.

329 3382 376 3434 87⁷
393 3377 484 3441 tibris]
502 3379 585 3430 Quem
608 3379 705 3430 cecinit
734 3377 820 3443 Virgi'·
891 3381 1015 3442 Romaque
1033 3386 1100 3430 terere
1121 3383 1241 3445 pvertes]
1268 3383 1385 3434 Caesares

295 3451 356 3504 lius,
859 3453 1070 3504 Valentinianum
1100 3465 1129 3506 et
1152 3457 1314 3520 Gratianum,
1337 3474 1385 3522 pro

327 3528 376 3573 8⁷8
392 3525 818 3594 Pulto,oro,foorraotlrroidio,d·e.]
858 3531 995 3596 quibus,et
1010 3545 1057 3594 pro
1068 3531 1132 3581 orbe
1149 3545 1237 3582 eornm
1256 3533 1387 3602 Angusta,

296 3598 447 3648 Praefieclne
458 3599 555 3650 dictum
566 3601 631 3661 vult,
642 3602 709 3665 qnod
721 3604 818 3652 Mosel-
859 3605 901 3668 plo
912 3606 1019 3654 votoblc
1027 3605 1156 3656 Adrastia
1165 3608 1302 3671 supplicat.
1334 3609 1385 3658 Le-

295 3674 344 3721 larn
356 3673 445 3722 Tiberi
458 3675 661 3738 comparaverit:
679 3675 715 3724 sic
732 3683 818 3729 noster
858 3685 923 3742 gunt
934 3678 1046 3742 quidam,
1059 3679 1141 3727 &aaa
1152 3685 1247 3729 terruere
1255 3686 1386 3742 wenta,-

201 3799 204 3804 .
293 3751 320 3800 in
331 3750 516 3812 Protreptico:
532 3750 667 3800 ‘Abaiatat
688 3753 818 3814 Nemesis,
858 3752 926 3817 quod
947 3752 969 3800 sl
989 3753 1112 3816 retineas,
1122 3754 1160 3802 sle
1171 3754 1221 3803 erit
1236 3755 1384 3817 intelligen-

294 3823 364 3880 terat
375 3829 402 3874 et
413 3822 671 3887 fortunajoaantem'
697 3823 748 3874 Ubi
758 3824 818 3877 ride
859 3826 907 3875 dos
915 3827 1052 3877 binlocus:
1071 3829 1114 3878 Da
1125 3830 1234 3891 reniam,
1246 3828 1327 3878 Roma
1337 3843 1384 3893 po·

294 3901 379 3956 Notas
387 3905 495 3950 nostras.
856 3899 1003 3963 tens‚quod
1024 3901 1156 3950 Mosellam
1175 3902 1262 3951 'liberi
1279 3917 1383 3965 compa-

327 3979 375 4034 179
392 3975 427 4024 Et
440 3972 642 4030 Latiae'Nentear'a
661 3989 707 4026 oon
723 3976 819 4036 comita
856 3988 920 4036 rom,
928 3980 956 4022 et
963 3973 1095 4025 tofacesse
1103 3975 1239 4026 Invidiaet
1247 3977 1382 4026 Nemesis:

294 4048 394 4112 lingua]
417 4051 459 4098 De
479 4049 527 4097 bae
546 4047 645 4096 Plinius
658 4048 815 4100 libxxvur.
856 4056 977 4114 parentes
996 4049 1063 4100 enlm
1084 4051 1172 4100 Rornae
1195 4053 1321 4113 casarea,
1337 4052 1383 4116 qui

294 4122 364 4174 ‘aut
380 4121 499 4176 Graecam
510 4121 641 4173 Nemesim
660 4121 816 4174 invocantes.
855 4131 941 4187 patres
953 4125 1044 4187 patria
1055 4126 1163 4177 Romam
1179 4125 1289 4193 faciunt,
1302 4128 1381 4192 juxta
