3026 4898
587 330 766 415 novumn.
1158 336 1229 418 585⁴

127 513 193 572 tarn
217 509 414 590 cape‘rare:e
437 527 512 573 esse
535 507 741 592 Appuleium
766 510 798 573 in
822 511 892 574 vita
915 512 1160 595 philosophum,
1185 514 1222 576 in

128 609 387 694 Epigrammatis
412 611 640 689 arrratorem3d
662 613 696 702 iu
722 614 902 694 praeceptis
926 614 1081 677 omnibus
1107 621 1222 679 extare

129 712 353 788 severitatem,
368 713 404 775 in
419 711 584 793 Epistolis
611 712 654 776 ad
680 711 892 776 Caerelliam⁰
916 715 1056 777 subesse
1071 715 1223 795 petulan-

131 813 224 877 tiam.
268 811 422 901 Platonis
436 813 641 895 Symposion
656 814 844 894 composita
866 815 900 876 in
925 815 1068 897 ephebos
1091 815 1224 899 Edyllia

130 909 329 978 continere.f
367 911 400 974 N
403 931 455 975 am
477 912 560 995 quid
582 911 727 977 Anniani
751 913 1020 1002 Fescapuinosl⁸
1041 915 1123 998 quid
1139 918 1224 979 anti-

131 1014 285 1098 quissimi
299 1011 414 1095 pobtae
429 1011 562 1078 Laevii*
585 1014 844 1097 Erotopaegnion
859 1015 961 1078 libros
975 1017 1121 1098 loquart
1145 1018 1225 1101 quio

618 1196 642 1246 N
647 1195 724 1246 0¹1¹AE

164 1303 294 1353 ‘Prurire
312 1306 445 1366 opusculum
463 1304 660 1369 Sulpitim‘rou-
732 1305 854 1354 Meminit
871 1304 960 1354 iraurm
980 1305 1111 1355 Ciceronis
1121 1305 1154 1356 ad
1170 1307 1227 1356 ea-

133 1384 180 1426 tam
200 1379 322 1442 superare]
348 1379 425 1430 Alter
447 1381 568 1444 scriptus,
593 1389 661 1432 teste
701 1380 801 1430 relliam
813 1381 986 1443 Epistularum
998 1380 1227 1432 eriutiliannslib.

133 1453 227 1513 Tollio,
254 1454 362 1503 babuit:
391 1456 503 1506 ΡνιινίνεΙ
520 1460 660 1521 opusculum,
700 1456 944 1519 salonitanus.
961 1455 1065 1504 ‘Etiam
1086 1456 1227 1521 illudqnotl

133 1527 261 1590 Sulpitiica
273 1529 379 1588 frontem
396 1545 516 1593 esperare,
526 1533 596 1581 nullo
606 1534 661 1597 qni·
701 1532 792 1582 Cicero
802 1531 929 1580 Caerelliae
948 1531 1053 1593 scripsit
1069 1531 1179 1581 reddens
1192 1546 1229 1580 rs·

134 1601 193 1652 dem
205 1617 288 1653 sensu.
320 1605 353 1664 ln
370 1617 401 1653 eo
420 1606 487 1654 enirn
498 1607 622 1668 membro,
634 1614 663 1656 ut
703 1607 809 1668 tionem,
830 1606 1094 1655 cavillabuntur·
1111 1613 1229 1669 tempora

134 1679 160 1726 in
172 1678 364 1742 cetaris‚dcbet
373 1693 431 1729 esse
441 1682 577 1744 oppositio.
591 1683 662 1731 Prae·
702 1689 755 1731 tam
776 1681 905 1745 patienter
931 1681 1068 1730 tolerareta
1093 1681 1159 1730 Hac
1184 1689 1230 1730 ant
1290 1707 1293 1714 ,

124 1742 209 1805 vtarc'a
219 1754 419 1816 sulpitiaeextat
430 1755 524 1818 Satira,
545 1764 571 1804 et
591 1758 660 1820 apud
701 1756 897 1806 animocatonis
914 1753 1022 1804 fatenda
1041 1761 1110 1819 sunt,
1130 1755 1229 1805 autCi-
1258 1765 1263 1792 ¹
1353 1749 1355 1754 ’

134 1830 268 1881 luvenalis
285 1830 470 1893 interpretem,
490 1832 612 1893 obsceni,
628 1841 660 1882 ut
699 1832 800 1882 neronis
810 1827 961 1880 stomacho!
974 1831 1069 1880 Tollius.
1115 1879 1117 1883 ,
1156 1873 1161 1884 ,

135 1905 249 1962 vitiatur,
259 1907 344 1969 operis
359 1905 539 1970 fragmentum,
557 1908 591 1956 dc
611 1922 661 1971 qno
734 1905 743 1939 ¹
759 1908 789 1956 Ia
800 1907 897 1969 ephebos
912 1907 1005 1970 Eupilis
1025 1905 1154 1968 continere]
1170 1905 1231 1954 Pla·-

130 1982 185 2044 jam
198 1981 278 2030 verba
287 1981 663 2033 &maronianostrisauimadt-
704 1983 769 2032 tonis
781 1983 850 2031 nulla
859 1982 974 2030 carmina
986 1987 1086 2044 extant,
1098 1982 1150 2030 nisi
1164 1995 1233 2031 amo·

136 2057 196 2106 ‘Na
213 2071 254 2106 rna
270 2057 394 2106 Cadmeis
411 2058 564 2110 destitutam
576 2059 664 2109 fasciis
705 2062 739 2109 ris
749 2061 842 2122 elegia.
871 2061 937 2109 Nam
947 2059 1233 2124 ceteraotunta(crcdo,

137 2132 241 2182 Nudam
259 2133 355 2182 Caleno
372 2133 561 2183 concubantem
579 2134 665 2198 profe·
705 2135 934 2200 quodtamlcpida
950 2149 1000 2182 nou
1019 2139 1106 2199 erant)
1125 2134 1233 2198 ignida·
1308 2135 1312 2143 '

139 2205 196 2258 rat-³
235 2209 278 2257 Dc
300 2209 391 2258 eadem
413 2209 525 2272 Sulpitia
546 2211 666 2260 memiua-
705 2210 786 2260 ussit:
812 2209 938 2274 Apuleius
957 2209 1092 2273 Apologia
1112 2209 1168 2260 iere
1185 2210 1232 2260 ini-

139 2290 200 2332 ruut
220 2297 322 2347 quoque
341 2284 479 2346 Martialis,
498 2293 526 2336 ct
546 2285 666 2334 Sidonius
707 2287 762 2347 tio;
791 2287 835 2334 ubi
857 2293 885 2336 ct
906 2301 1013 2349 puerum
1041 2300 1116 2350 quem
1138 2286 1234 2335 amavit

141 2359 227 2407 farm.
240 2369 279 2408 rx.
294 2357 372 2408 ‘Non
383 2360 450 2422 quod
467 2359 587 2422 Sulpitiae
593 2358 668 2423 joans
708 2360 832 2410 ‘Astera'
843 2369 933 2421 vocam
949 2362 1048 2425 aliaque
1060 2361 1236 2424 Epigramma·
1304 2413 1308 2422 ,

139 2433 235 2484 Thalia
243 2433 354 2498 Scripsit
363 2434 554 2500 blandiloquum
563 2451 609 2484 suo
620 2437 668 2486 Ca·
709 2442 737 2484 ta
757 2435 882 2484 amatoria
901 2436 1019 2485 Platonis
1039 2443 1165 2500 recenset,
1176 2448 1234 2501 quta

140 2507 219 2558 lano!
709 2512 777 2560 ride·
793 2511 932 2560 Meamne.

172 2584 232 2636 ‘Ia
249 2586 437 2650 Epigrammata
457 2589 597 2652 amatorem]
618 2589 669 2641 Pe·
741 2587 880 2637 ‘Anniani
899 2587 1066 2650 Fescenninos]
1089 2588 1141 2640 Qui
1162 2593 1237 2636 cane·

142 2660 245 2710 riernnt
259 2661 330 2710 inter
346 2661 405 2722 alia,
425 2662 481 2710 baec
493 2661 599 2724 Apuleii
612 2663 669 2712 bia·
712 2663 807 2712 bantur
826 2663 851 2711 in
871 2663 977 2726 nuptiis,
996 2669 1024 2710 ut
1038 2663 1130 2711 Festus
1147 2667 1238 2710 auctor

143 2733 276 2783 <laurentis
286 2735 421 2796 amatoria,
432 2735 567 2799 dequibus
578 2737 672 2800 ipsein
712 2747 763 2787 est.
795 2737 929 2800 AEqualeru
938 2737 986 2786 sibi
996 2736 1076 2785 fuisse
1085 2735 1239 2786 traditGel-

143 2808 231 2871 priora
242 2810 336 2872 Magire
347 2807 484 2873 Apologia.
713 2814 763 2862 lius
769 2812 820 2871 lib.
833 2825 883 2862 xx.
896 2812 974 2861 Nost.
990 2811 1073 2860 Attio.
1090 2809 1237 2860 ‘Annianus

149 2921 154 2930 .
175 2891 187 2919 ὲ
211 2886 242 2939 Ia
260 2887 375 2948 Epistolis
395 2887 427 2934 sd
451 2887 596 2950 Corelliam]
622 2887 674 2937 Hic
714 2889 792 2952 potita
810 2887 835 2936 iu
855 2886 934 2936 funtlo
957 2901 1013 2949 suo,
1032 2901 1108 2950 quem
1129 2887 1156 2934 in
1178 2899 1239 2949 agro

146 2961 247 3012 excidit
263 2975 355 3011 nomeu
367 2962 529 3011 disertissimi
549 2972 672 3025 nepotum
713 2964 833 3014 Phalisco
859 2961 1018 3025 possidebat,
1051 2961 1150 3025 agitare
1183 2968 1239 3010 erat

144 3035 258 3088 Romuli.
292 3037 359 3086 Nam
370 3038 489 3087 Corellia
505 3037 672 3087 istauihilad
713 3037 804 3088 solitus
817 3037 970 3086 vindemiam
982 3037 1062 3086 bilarc
1075 3044 1151 3102 atqua
1163 3051 1240 3087 amne*

145 3111 286 3174 Apuleium
297 3111 422 3175 pertinet,
432 3112 477 3161 sed
493 3111 578 3160 studio
591 3111 673 3174 pbilo-
713 3115 791 3164 niter.
823 3112 865 3162 Au
885 3125 929 3162 eos
946 3113 1002 3162 dies
1020 3128 1061 3162 me
1078 3119 1105 3162 et
1116 3113 1240 3178 quosdam

145 3187 245 3251 sophias
259 3185 391 3236 familiaris
400 3186 450 3236 fuit
461 3187 590 3249 Ciceroni,
601 3186 674 3249 cuj'us
714 3191 850 3240 familiares
862 3188 954 3239 vocat?
972 3189 1144 3238 Fescenninos
1155 3196 1241 3239 sutem

145 3263 202 3326 ipse
213 3262 330 3318 meminit
341 3262 385 3312 lib.
394 3275 445 3312 xit.
459 3263 491 3311 utl
503 3262 630 3326 Atticum,
647 3267 675 3312 et
707 3267 752 3316 sic
771 3266 855 3314 dictos
877 3265 933 3313 vult
950 3265 1051 3326 Fasttts,
1073 3265 1114 3314 vel
1133 3265 1192 3328 qnia
1209 3264 1241 3313 ab

145 3339 191 3389 lib.
202 3351 287 3388 xxtrr.
305 3337 434 3388 ‘Mirifice
452 3338 572 3388 Caerellin
588 3337 676 3386 studio
716 3341 779 3390 urba
792 3339 935 3389 Fescennia
952 3339 1033 3402 allati,
1053 3339 1093 3388 rel
1114 3341 1174 3405 quia
1191 3339 1242 3390 fas·

146 3415 271 3466 videlicet
290 3414 466 3477 Philosophiae
478 3412 608 3478 flagrans,’
627 3418 676 3464 &a
717 3413 1077 3478 oinomputabanturarcere.
1128 3461 1132 3470 ,

148 3491 227 3555 Cujus
259 3490 338 3541 stiam
373 3490 586 3539 consuetudinem
622 3489 678 3538 viro
749 3487 865 3550 imas]
884 3488 1025 3552 Psrpcram
1043 3491 1139 3554 legitur
1153 3491 1244 3541 Liuius.
1301 3510 1305 3515 ·

147 3566 311 3616 sanctissimo
321 3564 479 3627 exprobrant
489 3564 678 3628 obtrectatores
718 3564 812 3616 Iasius
819 3568 859 3612 est
868 3563 891 3610 is
900 3563 943 3626 qui
954 3563 1045 3627 poiima
1056 3566 1117 3614 ‘lo'
1126 3568 1244 3630 scripsit:

149 3644 205 3706 ejus
217 3641 434 3708 Fusius'calenus
444 3653 495 3688 non
506 3639 679 3703 magis,quam
718 3641 782 3688 item
798 3636 1018 3702 ‘Erotopaegnia'
1050 3641 1116 3695 Quae
1132 3643 1246 3694 lascivis·

148 3718 213 3768 Dio.
264 3717 325 3766 Fuit
364 3715 470 3777 igitur:
508 3714 628 3762 Ciceronis
653 3713 680 3762 iu
720 3712 984 3762 simafoisseintlicat
1000 3721 1054 3763 tum
1074 3716 1174 3779 titulus,
1191 3724 1245 3766 tum

146 3792 273 3857 praecptis
289 3789 402 3838 omuibus.
445 3788 489 3838 Sic
510 3788 626 3850 appellat
641 3789 679 3835 in·
720 3790 798 3838 etiam
809 3789 1017 3851 Ausoniusipsa.
1049 3790 1100 3839 Sed
1112 3792 1201 3842 molles
1213 3807 1246 3840 ex

149 3875 276 3919 nocentes
297 3866 387 3929 jonos:
414 3864 435 3912 si
457 3869 544 3912 tamen
566 3862 617 3910 illae
636 3863 679 3911 Οἱ·
719 3862 1054 3927 illitatierunturvarsiculi
1073 3867 1115 3915 isti
1132 3867 1246 3916 decoro·

151 3944 253 3994 aaronis
264 3941 387 4006 Epistola
399 3938 514 4000 fuerunt,
526 3943 552 3987 et
566 3951 618 3986 non
629 3938 678 3988 las·
719 3955 753 3990 na
762 3940 877 4003 plectilis
896 3938 1095 3988 ‘Andromacha
1106 3940 1248 4002 periodum

150 4018 302 4068 civientituu
323 4015 500 4077 ingeniorum:
524 4016 613 4078 quales
636 4015 679 4078 qui
719 4014 949 4075 mannLascivula,
962 4012 1248 4074 tenallulacapitirnao
1312 4071 1315 4078 ,

150 4097 248 4152 lucum
260 4092 385 4148 Sallustii,
394 4096 420 4139 et
428 4092 454 4139 in
463 4091 681 4160 Sallustiumejus
719 4091 863 4153 trepidans,
878 4088 969 4139 liabens
979 4088 1089 4136 insolita
1101 4089 1184 4150 plexit
1195 4105 1249 4140 rnu-

152 4170 355 4222 daclamationes
379 4168 553 4232 subjecerunt.
588 4169 680 4219 Grsss·
721 4161 1249 4228 nera.'lraeriimontioestapudl'orpby.

152 4262 215 4298 maa.
