3026 4898
264 329 330 396 022
508 319 510 325 ’
734 341 892 394 nnsoun

266 491 418 575 Hydrus,
433 487 566 567 Chiron,
581 487 801 554 'Illuribnlnm
815 507 962 573 quoqne,
981 487 1092 554 Piscis
1106 493 1138 558 et
1151 488 1280 571 ingens.

266 594 368 660 Hunc
385 591 534 676 sequitur
549 590 689 668 Pistrix,
711 590 809 654 simul
824 589 1028 675 Eridaniqne
1041 591 1172 657 dnenln.

266 695 333 760 Sed
345 713 432 778 vega
445 700 609 777 praeterea
624 694 780 758 dicuntur
793 693 919 759 lumine
932 699 1072 777 septem,

266 796 365 860 Luna
378 804 413 860 et
428 795 627 872 Mercurius,
642 793 773 872 Venus,
788 813 830 860 uc
844 795 918 872 Sol,
933 793 1027 859 Mers
1043 811 1179 878 qnoque
1192 791 1339 876 fulgens.

267 897 450 963 HicJovis
466 896 610 962 etsidns
625 894 1113 981 superomniesiderelncens.
1317 895 1366 957 15

267 998 396 1064 Celsior
408 999 461 1064 his
476 999 649 1076 Saturnus,
669 996 794 1062 tardior
813 997 969 1062 omnibns
988 996 1102 1062 nstris.

266 1209 344 1259 Ncuis
352 1209 430 1271 Argu,
448 1207 545 1272 Hydra,
560 1207 692 1257 Centaurus
711 1205 811 1267 ceum,
822 1203 974 1256 dissiluisse
991 1221 1030 1255 sca
1048 1206 1109 1262 Ars,
1120 1209 1144 1254 ct
1156 1203 1261 1265 Magnus
1271 1203 1363 1254 Piscis.

268 1275 340 1323 Cetus
353 1274 461 1335 arquitur
477 1287 539 1333 cuns,
549 1275 571 1320 et
583 1269 725 1336 nnnstuuius
736 1270 864 1320 Eridanus.
892 1270 978 1321 Verum
992 1276 1079 1334 septem
1088 1269 1142 1318 ulioe
1156 1274 1272 1332 preterea
1287 1269 1365 1318 stella¹

264 1338 412 1400 cupiuntur
426 1341 540 1396 mentes,
551 1335 640 1384 scilicet
658 1335 1064 1397 nnna‚esn1ucariu,r'em,es
1082 1334 1134 1394 Sel,
1146 1334 1214 1381 Mars
1230 1333 1303 1381 etism
1321 1347 1362 1381 cc-

265 1415 371 1448 rnsenss.
404 1400 443 1448 lot
453 1414 540 1463 quoqne
555 1401 623 1448 stella
632 1399 702 1448 Jocis
712 1398 812 1460 fulgens
825 1413 896 1464 upra
908 1400 985 1449 osenia
1002 1402 1078 1449 nslrc.
1105 1397 1222 1447 Suturm
1237 1396 1363 1447 sublimior

266 1469 301 1514 set
311 1464 369 1528 illis,
379 1463 677 1528 numerosissimam.
1096 1492 1099 1498 ,

759 1606 869 1658 NOTAE

266 1721 305 1772 nis
316 1721 431 1787 majoris,
444 1738 460 1772 s
472 1737 523 1788 qna
538 1729 586 1787 per
604 1722 790 1787 synecdochen
831 1722 897 1772 dicti
908 1722 989 1787 ‘vaga
997 1721 1113 1784 lumirra,'
1124 1734 1173 1771 non
1184 1717 1251 1785 quod
1262 1725 1361 1769 motum

266 1799 338 1848 cauis
357 1799 413 1862 ipse
430 1799 674 1865 appelletursinus.
712 1799 792 1848 Libro
831 1797 1262 1859 habeanterroneunr,cumeornm
1273 1801 1361 1844 motus

266 1880 352 1924 temen
362 1887 392 1923 ιι.
402 1872 595 1938 Argonauticon
604 1873 735 1938 Apollonii
744 1888 792 1938 pro
834 1872 969 1937 aeqrralrilis
983 1880 1153 1936 constansque
1170 1872 1214 1934 sit,
1225 1870 1271 1920 sed
1290 1871 1361 1935 qnod

265 1949 323 2014 ipso
334 1949 471 2015 Procyone
482 1951 601 2001 sumitur.
660 2006 662 2012 ,
780 2007 786 2023 ‚
834 1949 927 2012 spuriis
945 1948 1052 1998 diversis
1070 1947 1263 2010 intervallisque
1274 1959 1364 1996 rnore-

298 2023 378 2087 Argo]
394 2024 475 2075 Naris
485 2017 598 2088 Jesonis,
608 2038 684 2090 quum
696 2023 722 2074 iu
737 2039 789 2075 cns·
834 2032 919 2076 sntnr.

265 2101 319 2149 lnru
330 2101 480 2150 trsnslstam
490 2099 601 2151 fabulati
613 2106 684 2150 snut.
863 2100 878 2132 '
894 2105 927 2152 lu
943 2101 1071 2162 Saturnus,
1091 2101 1182 2150 tardior
1202 2097 1309 2148 cnutus
1324 2113 1369 2146 us:

299 2178 328 2226 ll
348 2175 460 2239 Hydrus]
474 2175 525 2225 Seu
542 2174 643 2238 Hydra,
660 2188 711 2223 non
728 2175 791 2223 ner·
832 2176 891 2240 tris]
901 2175 1033 2241 Siquidem
1046 2175 1179 2238 periodum
1192 2189 1264 2224 snam
1276 2175 1361 2224 absol·

266 2250 375 2300 nunilla
383 2243 554 2314 quidem,'sed
566 2250 625 2310 alia,
637 2249 710 2313 cnjus
719 2247 793 2300 febu-
833 2250 882 2312 rit,
893 2265 944 2301 nou
960 2251 1010 2303 uisi
1024 2250 1093 2300 intrs
1105 2249 1198 2314 viginti
1211 2263 1303 2299 norem
1315 2264 1361 2299 en·

242 2349 244 2354 v
267 2325 318 2378 leru
331 2321 389 2373 uide
401 2323 470 2386 apud
482 2323 616 2391 Hyginum
627 2324 673 2374 lib.
684 2337 716 2376 11.
832 2340 888 2392 nos,
900 2327 955 2376 dies
967 2329 1023 2376 17⁴.
1041 2333 1068 2376 et
1085 2325 1161 2375 lrorns
1182 2325 1294 2389 qninqne
1316 2333 1363 2374 sut

300 2397 401 2461 Clirou]
412 2399 679 2461 Centaurus,Saturul
691 2409 718 2449 et
730 2399 794 2449 Plri-
833 2402 951 2454 circiter:
968 2416 1026 2452 cnm
1041 2399 1147 2464 Jupiter
1167 2401 1257 2464 <quern
1275 2398 1362 2449 Poeta

265 2479 329 2542 lyrae
340 2475 418 2540 filios,
427 2476 567 2540 AEscnlspii
584 2483 612 2528 et
624 2475 734 2526 Achillis
745 2489 792 2526 nn·
833 2491 878 2527 sen
890 2475 1247 2540 Grammaticus,qnicurnqne
1256 2472 1362 2525 tandem

267 2552 366 2603 tricies.
834 2552 964 2617 Eclogsrii
992 2552 1028 2601 rit
1046 2558 1149 2613 unctor,
1177 2564 1256 2615 snper
1277 2551 1363 2600 omniu

300 2627 465 2691 mumolum]
481 2627 615 2688 Senarus
634 2625 791 2692 Cyclopibns
834 2627 920 2678 sidera
948 2628 1035 2678 lucere
1052 2627 1098 2691 sit,
1117 2625 1228 2678 sonasse
1250 2627 1284 2679 nb
1300 2628 1362 2677 dnus

265 2703 403 2767 fabricata,
413 2705 438 2753 in
450 2719 499 2769 qua
513 2703 621 2768 primum
632 2701 675 2770 (nt
687 2703 724 2753 nit
736 2703 792 2766 Hy·
834 2710 920 2754 tresve
944 2702 1037 2754 inscias
1065 2702 1189 2767 qrresdrun
1214 2703 1363 2768 lucidiores,

266 2778 353 2844 ginns)
379 2779 425 2831 Dii
452 2780 635 2830 existimantur
663 2793 739 2828 sacre
765 2784 794 2828 et
835 2779 927 2844 quibus
936 2779 968 2829 ub
978 2778 1080 2828 Occasu
1091 2778 1117 2826 in
1130 2777 1225 2828 Ortum
1236 2778 1362 2842 cingitur)

265 2854 467 2920 conjunctionem
478 2845 569 2906 fecisse
580 2854 703 2906 sdversnn
722 2853 792 2903 Titn-
833 2853 967 2917 periodum
985 2867 1056 2902 susm
1077 2851 1194 2902 absoluat
1212 2853 1280 2902 intra
1298 2855 1363 2903 dno·

264 2943 320 2981 nas.
833 2931 917 2981 decim
930 2944 1009 2982 annos
1027 2936 1073 2979 erut
1085 2929 1199 2981 circiter.
1232 2931 1305 2980 Mars
1322 2932 1361 2982 iu-

297 3005 389 3070 Pr'scis]
405 3007 456 3060 Qut
468 3008 561 3057 Notius
574 3006 730 3071 appellatur,
743 3007 792 3057 hoc
833 3014 875 3057 tra
898 3006 961 3056 duos
982 3005 1147 3058 fercannus.
1180 3007 1269 3057 Venus
1290 3010 1361 3059 intre

264 3091 316 3144 est,
328 3083 465 3146 Australis,
486 3085 551 3132 elius
568 3099 584 3133 a
600 3083 731 3146 Piscibus,
743 3083 791 3132 Zu-
832 3097 934 3134 meuses
962 3090 1074 3146 septem.
1117 3082 1264 3134 Mercurius
1290 3085 1360 3138 intra

264 3157 333 3206 disci
343 3157 439 3207 sidere.
832 3166 887 3209 tres
905 3157 987 3208 ferme
1006 3171 1115 3207 menses.
1152 3157 1194 3206 De
1215 3158 1275 3215 Sole
1291 3157 1361 3210 infru

298 3237 328 3284 li
345 3232 456 3296 Pistris]
468 3234 546 3284 Cetus
556 3233 597 3298 (nt
606 3233 727 3302 Hyginus
738 3232 789 3296 sit)
830 3234 857 3284 in
880 3234 989 3284 Ratione
1010 3232 1110 3282 dierum
1127 3233 1187 3281 enni
1210 3235 1357 3290 vertentis:

264 3308 417 3369 eNeptuno
433 3307 534 3372 missua,
554 3314 583 3364 ut
598 3305 791 3357 Andromedam
831 3308 901 3359 ‘Hic
913 3309 961 3358 tibi
972 3309 1054 3358 circus
1071 3308 1131 3371 erit,
1144 3309 1304 3363 vertentibus
1315 3326 1359 3360 eu·

264 3380 434 3432 interficeret.
832 3383 882 3446 nis,
904 3385 1062 3436 Tercentum
1082 3399 1114 3433 sc
1135 3383 1203 3433 senis
1225 3383 1312 3436 decies
1332 3394 1360 3437 et

296 3457 443 3520 Eridaniqns
457 3457 565 3521 fluenta]
580 3457 686 3508 Flurins
701 3458 791 3508 Eride·
833 3459 948 3523 quinque
966 3457 1076 3510 diebus!
1109 3459 1162 3508 Ubi
1175 3462 1359 3511 nosterobser·

264 3546 322 3594 nus,
339 3545 415 3596 quern
431 3532 475 3580 alii
495 3532 583 3581 Nilum
600 3539 706 3594 vocant,
723 3537 792 3583 teste
831 3541 877 3584 ret
888 3535 1158 3598 rectepcsts'l'ollinm
1178 3537 1237 3586 lrcic
1254 3552 1358 3588 summer

268 3605 392 3671 Hygln03
409 3607 511 3671 quidam
523 3606 602 3656 etium
614 3608 759 3658 Oceanum.
781 3635 790 3645 -
831 3609 1003 3674 adjiciendum
1019 3617 1137 3674 quartum
1159 3609 1213 3664 fere
1232 3611 1283 3660 diei
1300 3627 1358 3676 per-

298 3685 330 3731 1s
350 3680 419 3742 vaga
431 3717 438 3733 .
450 3715 474 3735 ..
486 3683 574 3732 luminu
582 3684 680 3747 septem]
697 3683 791 3734 Plane·
832 3691 894 3747 tem,
905 3700 980 3753 qnam
992 3692 1086 3750 qrrurto
1098 3701 1199 3750 qnoque
1209 3701 1275 3737 enno
1289 3703 1357 3743 men·

266 3765 309 3810 tc.
831 3761 853 3810 ri
865 3760 1007 3810 Februario
1018 3761 1206 3814 interminum.

297 3830 399 3894 *Vaga
419 3831 518 3897 unire]
546 3833 666 3884 Planetae
690 3841 789 3898 reptem
1271 3845 1274 3850 ·
