2998 4884
567 417 746 467 nutanti.

109 558 246 641 AEquor‚
259 556 418 640 Abydeni
431 560 512 624 heta
523 562 600 642 quis
614 562 749 626 miretur
762 562 905 644 ephebil
959 541 967 558 ’

110 655 195 735 Quis
209 657 433 722 Chalcedonio
448 665 650 724 constratum
666 661 709 724 ab
724 660 835 724 littore
850 667 1000 744 pontum,

110 755 215 838 Regis
230 775 316 838 opus
332 749 461 838 Magni,
477 759 595 821 mediis
609 760 740 842 euripus
755 760 814 822 uhi
828 762 928 826 undis
1127 763 1192 828 290

110 855 319 938 Europaeque
334 855 493 936 Asiaeque
506 861 596 920 vetet
609 876 802 922 concurrere
815 863 948 925 terrosi

110 956 189 1020 Non
202 956 256 1018 hic
271 955 344 1018 dira
358 954 434 1016 freti
449 955 569 1033 rabien,
583 975 650 1019 non
665 975 759 1022 saeva
773 958 935 1022 furentum

110 1055 231 1119 Praelia
246 1054 446 1119 caurorum:
468 1053 546 1117 licet
560 1055 614 1118 hic
629 1057 828 1120 commercia
842 1059 968 1140 linguee

109 1155 260 1235 iungere,
275 1158 308 1216 et
323 1153 448 1216 alterno
464 1171 647 1233 sermonem
663 1159 779 1220 texere
790 1156 900 1238 pulsu.

110 1253 240 1319 Blande
254 1251 445 1316 salutiferas
458 1253 658 1334 permiscent
669 1254 782 1318 littore
796 1273 910 1332 voces,
1127 1257 1192 1322 295

109 1355 153 1418 Et
165 1372 278 1428 voces,
294 1357 326 1415 et
339 1370 437 1433 paeue
452 1369 584 1414 manus:
606 1355 790 1418 resonantia
800 1357 962 1437 utrimque

41 1485 42 1490 κ
107 1453 218 1518 Verba
231 1452 342 1529 refert,
355 1449 470 1514 mediis
486 1469 683 1514 concurrens
697 1450 852 1518 ductibus
866 1455 974 1518 Echo.

108 1645 232 1712 Alydetii
249 1647 447 1704 Quo-,neminem
457 1653 707 1710 murertrotnmporrte
717 1665 734 1700 a
743 1649 824 1698 littore
834 1651 996 1712 chalcedonia,
1007 1653 1127 1714 qnodsait
1136 1669 1193 1716 opat

110 1713 183 1772 Regin
193 1713 289 1773 Magri,
298 1711 437 1769 alifrttnm
453 1712 596 1773 interporitia
610 1713 742 1774 mir-aquia
756 1718 850 1774 teporat
865 1720 941 1762 terror
953 1717 1054 1777 Europe
1070 1722 1094 1764 ei
1105 1715 1193 1768 natet

108 1775 157 1822 Hic
166 1790 212 1824 nort
221 1777 317 1824 fimeta
327 1789 400 1822 maa
412 1773 485 1831 furor
499 1776 575 1836 ponti,
590 1789 642 1824 aon
654 1776 761 1827 errtdelt'et
773 1778 900 1824 certamino
910 1779 1192 1833 oenommmienttnm.

108 1837 158 1885 Hic
166 1839 236 1886 datar
246 1838 350 1898 colloqui,
361 1841 385 1886 et
395 1839 492 1886 nitentia
501 1837 593 1886 eoeilrta
600 1839 867 1888 commorationem.
900 1841 970 1903 Ripe
985 1841 1076 1890 irlaadoe
1086 1843 1193 1892 commite.

108 1905 160 1948 inat
168 1901 223 1949 linc
231 1901 287 1949 inde
296 1900 364 1948 calo
379 1899 531 1948 mortium
540 1900 648 1960 inuicem,
658 1901 737 1961 cerdo,
746 1901 849 1964 taquam,
857 1903 939 1959 elfere
949 1906 1076 1952 dentem
1088 1906 1152 1952 Eclro
1162 1904 1191 1952 nl

108 1969 202 2026 atroque
209 1964 262 2026 ripa
270 1976 407 2012 concarreae
415 1963 442 2011 t'rt
451 1963 802 2025 mediojlttmiae,‚retldit.ooree
810 1965 865 2014 ltine
873 1966 927 2014 inde
936 1972 1051 2015 mantea.

560 2102 741 2128 amonem

106 2201 206 2250 noireto
217 2204 306 2249 censet
316 2197 543 2247 decoratae-29⁰
560 2197 634 2258 Regia
643 2211 699 2262 oper
709 2197 826 2260 Μαςηιιηι
835 2199 995 2262 Velm-ditv
1009 2198 1087 2266 Vulg.
1100 2214 1193 2250 murtr-

595 2338 705 2390 NOTAE

106 2453 206 2506 Manlii.
244 2452 288 2501 Sic
310 2451 378 2500 euim
399 2450 459 2499 ille:
484 2448 632 2500 ‘Settiaeoa
672 2464 760 2500 manne
777 2465 832 2502 eece
849 2453 905 2502 iere
919 2460 1034 2516 tangant.
1068 2454 1143 2506 Quod
1162 2454 1196 2504 td

107 2543 175 2578 nune
183 2527 338 2588 inmanium,
349 2525 506 2588 pelagusque
517 2529 631 2574 natatum
671 2528 772 2578 landem
790 2530 864 2591 hujur
882 2529 954 2578 fluvii
964 2531 996 2578 uh
1009 2529 1123 2579 Ausonio
1134 2530 1196 2578 alla·

105 2606 205 2666 lactet,
220 2609 248 2653 et
264 2601 356 2650 audaci
370 2601 477 2664 junctos
490 2599 631 2661 Delphines
671 2609 735 2663 tum,
751 2602 835 2651 nereio
847 2617 879 2650 un
891 2603 923 2651 de
935 2603 991 2665 ejus
1004 2610 1032 2651 nt
1044 2602 1208 2666 anguillaria·

107 2677 217 2740 ephebo.
249 2677 301 2726 Hic
322 2680 421 2724 aeterua
442 2673 531 2737 quieti
555 2673 631 2721 nullia
672 2675 887 2738 vituperationem
902 2673 1086 2738 iacerepotiue
1098 2677 1197 2724 nouvi-

106 2752 148 2801 hic
160 2753 224 2815 jura
240 2750 374 2814 procellis:
391 2749 525 2811 Nunquam
545 2745 633 2795 ferror
671 2749 773 2804 deatum

106 2827 196 2892 aquiet
213 2825 290 2874 datur
307 2823 349 2874 lric
366 2820 632 2883 transmitterentur,
711 2827 759 2871 289
787 2823 939 2873 Chalcedonio
965 2829 1116 2884 macharem,
1142 2821 1195 2884 tre]

107 2901 141 2948 Et
152 2913 240 2961 voces,
248 2904 276 2948 et
285 2911 361 2960 paene
372 2895 479 2946 menua.’
672 2897 833 2960 Bosphorum
843 2897 986 2958 Thracium,
999 2911 1074 2959 quem
1091 2897 1194 2944 Xerxen

137 2973 271 3024 mom
278 2970 386 3035 pelagne]
402 2970 566 3035 Hellesponti
583 2969 632 3018 ire·
673 2979 751 3036 ponte
758 2971 848 3034 junxit
859 2971 891 3018 ab
902 2970 1019 3018 Arietico
1030 2969 1128 3029 littore,
1149 2967 1195 3016 nbi

106 3053 172 3108 inm,
182 3048 284 3097 Sestum
296 3053 324 3094 et
335 3043 455 3107 Abydum
465 3044 617 3094 interlucet.
673 3046 820 3097 Chalcedon
842 3050 883 3094 eat
907 3043 1037 3107 Bithyniae
1063 3040 1197 3106 oppidum,

138 3120 298 3183 Nepheleidoe
308 3117 402 3178 Hellen]
426 3117 538 3182 Iti-qnod
558 3117 633 3166 Helle
673 3122 706 3174 ed
717 3123 867 3185 Europaemn
884 3119 968 3181 littus,
982 3119 1010 3168 in
1028 3131 1078 3182 quo
1093 3113 1194 3180 Byzan-

104 3193 317 3245 Athamantico
338 3191 469 3253 Nephele·
487 3190 548 3252 lilia,
576 3204 634 3240 euru
674 3197 746 3246 rium.

104 3269 189 3320 fratre
206 3268 311 3330 Phryne
321 3267 443 3328 navigant
455 3277 514 3314 eum
524 3264 634 3313 decidit·
704 3273 753 3318 290
765 3251 1008 3332 Reghopmmagm]
1024 3267 1120 3316 Xerxis
1132 3266 1195 3316 Per.

104 3353 157 3408 aet,
170 3355 269 3394 nomen
286 3345 312 3392 ei
329 3339 633 3403 runmimpoauit,dlctnt
672 3357 756 3391 eurum
778 3343 854 3404 regia.
887 3340 1031 3403 ‘Magnua'
1052 3341 1195 3404 Epitheton

106 3421 175 3470 enlm
187 3423 229 3466 eet
241 3417 275 3468 ob
285 3430 317 3465 ea
327 3415 520 3477 Hellespontus.
674 3421 824 3478 perpetuum
836 3427 925 3477 regum
944 3413 1073 3464 Persidis:
1092 3412 1195 3474 Mirari

136 3497 189 3546 288
205 3491 314 3556 Abydeni
333 3521 387 3542 ....
403 3487 495 3552 epleii]
516 3487 634 3550 Leandri,
672 3488 785 3547 Βασιλεὺς
798 3489 907 3542 Graecia.

106 3571 180 3632 eujus
198 3581 297 3616 emeret
315 3573 342 3614 et
361 3570 493 3613 nocturne
514 3563 546 3611 ad
563 3563 634 3612 Hero
704 3569 751 3615 291
771 3564 841 3614 Vetat
858 3579 993 3614 mutauere
1011 3562 1098 3625 terrea]
1124 3563 1195 3614 Quae

7 3701 8 3706 Ἰ
105 3659 153 3706 per
173 3641 374 3704 Helletpontuur
389 3638 535 3688 natatiouee
555 3639 633 3688 notia·
673 3635 1196 3699 olimconcurrisrecredideruut‚etmari

105 3721 189 3770 nme.
673 3720 765 3777 postea
774 3711 898 3764 interfuso
908 3719 1049 3775 reparatae,
1068 3718 1097 3760 ut
1108 3709 1195 3758 ridere

139 3793 205 3848 Quia
214 3788 325 3850 miretm]
342 3787 443 3849 Nempe
452 3785 485 3834 ob
495 3786 635 3847 nuquitiae,
673 3794 755 3837 estex
766 3787 850 3836 Plinio
859 3787 903 3835 lib.
914 3799 946 3836 tr.
956 3801 1014 3848 cap.
1025 3790 1066 3834 90.

105 3873 134 3916 et
144 3864 303 3916 facilitatem
314 3861 473 3926 trajiciendi3
486 3874 543 3909 cunr
556 3859 589 3908 ab
600 3861 635 3907 al·
704 3865 751 3912 tila
780 3860 921 3923 Ceterorum]
945 3861 1119 3924 Synecdoche,
1146 3869 1192 3924 pro

106 3952 164 3994 tera
182 3943 303 3993 Mosellae
323 3941 380 4004 ripa
396 3940 429 3990 ad
447 3939 565 4000 alteram,
585 3951 635 3986 nen
674 3934 803 4000 quibusvis
814 3935 906 3990 ventio.
934 3937 1010 3985 Cauri
1021 3934 1123 3999 proprie
1133 3935 1193 3978 aunt

105 4026 211 4069 tautum
229 4019 356 4080 trajectus
376 4014 456 4064 facilia
475 4015 517 4072 eit,
534 4020 561 4062 et
576 4027 635 4062 con·
674 4011 745 4058 renti
756 4010 885 4060 Oecaeunr
901 4010 969 4060 iuter
986 4016 1012 4058 et
1026 4002 1194 4072 septemtrio·

105 4095 254 4158 tpieiautnr
265 4094 331 4141 ultra
351 4092 467 4154 citroque
485 4089 588 4138 cartello
607 4095 634 4136 et
675 4099 731 4134 nent
743 4083 845 4136 tientes.

105 4170 201 4234 iguea3
219 4168 266 4218 aed
277 4181 352 4218 voces
363 4167 440 4217 etium
451 4164 596 4228 audiantur,
607 4172 634 4212 et
