3000 4882
483 343 708 390 onautanuu
734 342 856 389 acuto.
1151 327 1215 393 793

123 484 184 572 tis:
209 489 334 548 etcum
349 483 500 565 elegeris
523 503 661 548 munera
677 491 735 548 tua
750 486 928 548 verborum
954 484 1076 548 honore
1101 503 1214 566 prose·

123 586 251 668 queris.
293 585 527 662 Pituanius,
548 587 671 670 inquis,
694 603 770 648 ntor
797 593 901 662 urar:
925 604 961 648 ιιι
988 603 1065 662 Qua
1091 586 1212 650 Divus

123 685 417 750 Οοιιειιιιιιιιε3
443 703 589 750 ananus
620 697 790 750 uosnna⁸
813 703 1007 750 runaxuus
1033 703 1110 750 nsr.
1156 686 1214 750 Me

120 789 268 865 beatum,
282 787 379 871 cujus
392 787 580 868 insignibus
597 788 673 852 talis
688 807 767 852 cura
782 788 976 871 praestetur!
1000 788 1089 852 Haec
1100 789 1213 870 plane,

120 889 196 954 haec
224 895 277 950 est
306 888 409 970 picta,
428 895 466 950 nt
495 888 628 964 dicitur,
655 890 771 966 vestis,
800 908 868 952 non
896 890 1001 971 nangis
1030 909 1110 953 auro
1137 910 1212 965 suo,

120 1007 222 1070 qnam
251 988 318 1050 tuis
346 988 467 1050 verbis.
520 990 574 1052 54.
598 988 666 1052 Sed
697 988 804 1053 multo
835 990 931 1073 plura
962 997 1040 1054 sunt
1072 991 1108 1054 in
1137 990 1212 1072 ejus

122 1094 252 1166 ornatu,
274 1107 351 1171 quae
374 1108 434 1170 per
455 1095 486 1154 ta
508 1090 691 1155 instructus
711 1092 868 1174 intelligo.
912 1091 1090 1156 Geminum
1113 1094 1212 1177 quip-

120 1213 166 1276 pe
188 1192 234 1262 in
252 1209 319 1254 uno
350 1189 469 1254 habitu
498 1192 605 1256 radiat
631 1213 752 1258 nomen
781 1191 937 1276 Augusti.
996 1194 1219 1283 Constantius

120 1410 167 1458 tia:
184 1415 337 1475 etpurtquum
346 1411 451 1473 relegisti
460 1425 520 1470 euin,
531 1408 641 1470 adiungis
650 1411 782 1460 muunibua
789 1413 838 1461 tuit
845 1413 916 1462 verbu
927 1414 1061 1478 bonon'jiuu.
1088 1412 1158 1473 Misi,
1167 1412 1212 1471 uia,

119 1473 151 1522 ad
170 1481 197 1522 te
214 1483 300 1536 togam
318 1478 466 1538 palmatam,
478 1476 503 1522 in
517 1489 567 1539 qua
582 1478 650 1537 picta
666 1481 704 1522 est
724 1491 770 1523 acu
783 1474 879 1538 effigies
895 1479 957 1527 Divi
969 1478 1113 1527 Constantii
1130 1478 1211 1540 patris
1234 1495 1236 1500 ¹

120 1539 213 1588 nostri.
237 1540 307 1588 Ome
317 1540 433 1598 silicem!
460 1540 485 1587 iu
502 1539 723 1598 cidnauuumentia
743 1541 858 1600 eligendis
876 1543 989 1602 rjuunodi
1004 1541 1129 1603 diligentia
1144 1541 1212 1589 aaut·

119 1603 211 1652 beatam
238 1603 300 1653 Hau
309 1619 411 1666 proruta,
422 1605 471 1653 irae
485 1603 557 1652 uestis
566 1603 632 1665 piola
642 1608 686 1658 est,
694 1609 721 1650 ut
731 1604 820 1664 durrat,
831 1619 877 1652 nou
888 1609 965 1666 magia
980 1621 1037 1656 auro
1054 1606 1099 1668 ipri
1109 1607 1210 1662 intexto,

119 1681 190 1727 prtum
200 1668 248 1716 tuta
258 1669 343 1718 aubia.
370 1670 404 1717 At
416 1670 483 1728 louge
498 1669 567 1729 plura
577 1671 632 1715 aaut
643 1669 668 1714 iu
684 1667 747 1714 illius
757 1671 916 1726 exornatione,
926 1686 978 1732 quoe
987 1686 1098 1730 agnosco,
1112 1670 1211 1716 amiotus

119 1743 148 1780 tu
159 1737 246 1794 perte.
274 1733 472 1783 Etuumuomiau
488 1733 586 1780 duorum
602 1731 763 1792 Augualoram
773 1732 894 1781 mutantia
905 1739 1032 1783 taumate.
1061 1735 1212 1782 Cuurtuuliaa

616 1927 720 1978 NOTAE

119 2055 384 2121 quarendmtrabeae.
686 2059 719 2108 cl.
738 2057 867 2124 Antiquit.
894 2061 998 2124 explan.
1029 2065 1128 2122 auctor,
1151 2073 1209 2110 ιιιιιι

153 2131 167 2160 *
190 2139 200 2163 ¹
227 2132 359 2180 Pulmutum
383 2130 428 2178 tili
455 2130 522 2194 miei]
548 2132 645 2194 Togata
686 2134 818 2197 supplem.
838 2138 959 2186 Tomtv.
979 2141 1038 2198 με.
1061 2135 1210 2184 Galliceitu

118 2207 186 2256 lione
198 2207 352 2270 supradixit
365 2212 394 2256 ut
404 2206 429 2255 in
441 2221 505 2269 pace
519 2207 653 2278 Consulis,
685 2210 817 2261 reddidit:
834 2215 928 2262 deonna
938 2227 1023 2276 euruye
1033 2213 1056 2261 lu
1068 2212 1129 2272 Toga
1139 2209 1209 2260 orata

118 2280 157 2330 sie
177 2281 203 2328 in
225 2281 332 2330 victoria
359 2282 538 2344 triumphantis
556 2281 644 2333 tuisse.
685 2289 713 2336 de
722 2289 810 2348 prolatet
820 2289 937 2352 queuitre
946 2304 1002 2353 pare
1014 2290 1142 2337 Constante
1155 2301 1209 2350 pur·

119 2355 265 2404 ‘Palmata’
274 2363 370 2418 autem,
377 2355 455 2418 juxta
465 2356 590 2406 isidorum
601 2358 645 2410 lib.
684 2365 737 2413 tuit.
771 2365 893 2413 Ceterum
914 2365 972 2413 binc
991 2369 1065 2427 patet
1085 2362 1209 2412 Cousrrla-

117 2443 178 2480 xix.
194 2430 268 2494 Orig.
285 2431 428 2492 dicebatur,
449 2435 542 2497 ‘quam
564 2449 644 2483 mere·
684 2453 737 2487 reru
750 2440 889 2501 togam,uti
899 2447 925 2488 et
932 2437 1121 2501 Triumphalem
1133 2435 1209 2484 variis

118 2507 216 2556 bantur
232 2507 251 2555 ii
268 2507 311 2572 qui
334 2507 502 2571 reportabant
524 2509 645 2560 debosti-
683 2514 877 2563 emblematibus
904 2529 948 2564 seu
972 2512 1060 2577 figuris
1085 2512 1210 2560 intextam

116 2583 165 2632 bus
177 2582 283 2646 palmas.
316 2583 464 2632 Vocabatur
480 2591 507 2633 et
521 2593 581 2648 toga
590 2587 642 2649 pio·
683 2589 774 2642 suimet
788 2593 889 2655 qtralem
899 2590 999 2638 scilicet
1009 2589 1082 2639 Jovia
1093 2587 1210 2650 Olympii

117 2665 155 2719 ta,
173 2673 204 2708 eo
231 2657 301 2722 qtrod
319 2659 450 2708 Victorias
471 2675 529 2709 oum
551 2663 641 2724 palmis
686 2672 803 2714 ornatum
822 2665 946 2713 describit
964 2663 1106 2712 Pausanias
1129 2661 1208 2711 liba.

116 2733 233 2782 intextae
243 2734 366 2785 baberet!
392 2735 505 2784 Eandem
517 2751 579 2786 vero
591 2741 646 2788 ιιο·
685 2742 722 2800 τῷ
731 2737 924 2801 ἱματίφζώδιάτε
935 2738 973 2787 aul
983 2740 1030 2786 τῶν
1038 2736 1112 2786 ἀνθῶν
1120 2734 1208 2798 etapi-

117 2810 184 2871 gam'
205 2807 283 2859 fuisse
292 2818 320 2860 et
338 2812 512 2874 ‘palmatum'
529 2820 557 2862 et
572 2814 645 2877 ‘pio
685 2813 974 2878 ναέστὶνέμπεποιημέναι
984 2815 1101 2863 ‘Tunica
1113 2820 1142 2862 et
1153 2812 1207 2861 ani-

116 2893 171 2934 tam
184 2884 207 2945 ;'
224 2890 251 2933 et
270 2886 493 2950 ‘Triumphalem’
512 2896 583 2938 reete
600 2890 645 2938 ob·
685 2896 796 2943 maloula
812 2901 839 2942 at
860 2908 892 2940 ex
904 2890 1009 2940 floribus
1021 2891 1075 2938 lilia
1091 2895 1150 2937 sunt
1170 2888 1209 2936 io·

115 2967 203 3009 serrat
221 2961 248 3008 in
270 2961 433 3011 Adversariis
452 2963 588 3014 Turnebus
610 2979 643 3013 ex
685 2970 774 3019 texta!
794 2970 836 3016 Sic
848 2966 983 3032 quoqueiu
995 2965 1124 3014 Stilieouis
1136 2965 1208 3028 Βιψ-

116 3039 123 3065 ⁶
135 3035 266 3096 Metello‚’
278 3037 321 3101 qui
330 3038 432 3086 Valerio
443 3039 469 3087 iu
482 3047 553 3089 reate
563 3041 572 3067 ‘
581 3041 642 3090 Pal·
683 3046 736 3095 tico
753 3043 907 3094 exteriorem
919 3043 1032 3093 tunicam
1044 3039 1148 3096 floribus
1160 3042 1209 3090 dir·

115 3113 203 3174 mata,'
227 3113 349 3162 Sallustio
366 3115 391 3162 in
411 3115 521 3176 ‘Pieta,’
539 3116 644 3166 Plutar-
684 3123 792 3172 tinctam
812 3121 899 3171 videre
911 3129 960 3182 est,
971 3121 1133 3184 orariumque
1145 3119 1207 3168 duo-

115 3190 165 3241 cbo
184 3189 209 3237 lu
225 3190 354 3253 onomat
370 3190 487 3240 convivia
499 3192 642 3241 celebrasse
682 3198 729 3247 bus
748 3195 899 3247 Consulibus
919 3196 1055 3247 intextum.
1087 3195 1131 3243 Sio
1142 3194 1208 3245 etin

114 3265 221 3315 dieitur.
681 3273 771 3322 Basilii
783 3272 897 3335 Dyptioo
909 3271 1021 3320 cernitur
1035 3272 1086 3320 ima
1097 3285 1142 3320 ora
1159 3271 1208 3320 viri

148 3346 161 3372 ⁸
177 3340 208 3389 Ia
227 3355 273 3404 pau
290 3340 369 3390 Diuus
389 3343 539 3392 Constantius
557 3353 642 3406 pareus
681 3350 708 3397 in
717 3349 783 3411 bigis
793 3347 917 3397 currentia
925 3345 1031 3410 effigies.
1064 3348 1208 3412 Utrumque

113 3416 206 3478 mater]
218 3415 383 3465 Constantius
391 3416 553 3467 Constantini
566 3419 641 3482 Mag·
680 3424 862 3488 babeaAutiq.
879 3423 982 3486 explan.
991 3422 1207 3488 Sripplem.Tom.

115 3493 144 3541 ui
164 3491 242 3555 tilius,
265 3493 309 3556 qui
330 3493 440 3542 moriens
464 3501 642 3557 praegnantem
681 3502 727 3537 11¹·

114 3569 222 3634 reliquit
231 3569 379 3618 Farratinum
390 3569 535 3633 conjugem,
547 3584 580 3618 ex
592 3586 642 3633 qua
714 3565 772 3614 Mos
792 3571 878 3612 autem
895 3563 937 3611 ¹¹¹0
955 3560 1098 3626 antiquitus
1120 3561 1153 3610 ab
1173 3563 1207 3612 Ε·

114 3645 186 3694 edita
203 3645 339 3707 posthuma
350 3645 405 3706 ejus
416 3645 517 3692 nomine
528 3646 641 3709 appella·
682 3639 775 3689 truacis
792 3638 825 3687 ad
838 3636 1067 3699 Romanoaflnxit,
1086 3643 1115 3686 ut
1130 3637 1208 3686 docet

113 3728 144 3770 ta
160 3719 312 3770 Constantia
331 3733 388 3768 cum
410 3719 572 3783 adolevisset,
589 3737 642 3770 ma.
682 3714 831 3764 Macrobius
850 3713 1043 3763 &tumul-lib.
1056 3726 1095 3762 xl.
1114 3719 1206 3777 capti·

114 3795 230 3846 trimonii
245 3795 305 3857 jure
322 3789 641 3859 copulata'estGrutiano,
682 3791 769 3840 ‘Tulb
798 3789 935 3848 Hostilium
961 3801 1006 3835 ¹⁴²¹
1034 3789 1206 3838 R⁰¹¹¹⁸¹¹⁰¹¹¹¹¹¹

114 3879 146 3922 ut
167 3873 204 3921 ait
231 3870 382 3920 Ammianus
405 3871 572 3922 Marcellinus
595 3873 641 3923 lib.
681 3864 1208 3929 tenimdebeuuuattitulandum&-

114 3960 176 3998 m.
204 3946 274 3996 Hinc
285 3959 343 3994 eum
351 3945 393 3994 hio
402 3946 543 3997 Gratianus
554 3948 642 4012 appel·
680 3944 773 4004 rulem,
784 3942 946 4003 lictoresque,
962 3947 989 3989 et
998 3940 1097 4003 Togam
1110 3940 1205 4004 pictam

113 4025 154 4073 lat
163 4029 306 4086 parentem.
681 4026 760 4082 atque
772 4021 935 4080 praetextam,
949 4029 1007 4079 quae
1027 4014 1137 4078 insignia
1148 4016 1205 4065 Ma-

148 4099 163 4128 *
173 4098 299 4161 InquuD.
313 4097 483 4146 Constantina.
496 4129 505 4146 .
517 4098 640 4149 ,intenae
680 4096 834 4158 gistratuum
858 4094 1027 4141 Etruscorum
1048 4100 1132 4157 eraut,
1152 4096 1205 4157 pri·

112 4175 161 4240 est]
179 4177 288 4226 Sensum
305 4173 413 4237 bujuace
429 4173 480 4223 loci
500 4189 551 4224 uon
568 4163 644 4239 oepit
679 4187 745 4233 mus,
756 4177 785 4224 ut
803 4172 890 4220 Romae
901 4169 1067 4234 haberentur,
1078 4171 1208 4224 instituit.¹
