3026 4898
745 343 900 392 susoun

437 597 485 644 nn
509 593 677 644 nsrroun
701 595 908 644 eunneneu
934 595 1097 646 ueneni.
1140 581 1210 646 369

276 729 421 811 (lunis,
443 753 520 816 quae
534 731 628 798 vario
643 717 750 795 rdrum
764 731 919 795 metimur
930 730 965 793 in
981 736 1072 808 actu,

276 835 452 900 Astrorum
467 833 659 898 dominatus
675 833 763 916 egit:
786 840 982 916 terrenaque
997 837 1127 897 tantum

276 933 431 1001 Membra
443 935 588 1000 homini:
611 955 631 998 o
648 935 779 1018 superis
792 933 923 998 fortune
944 940 980 998 et
995 933 1135 1016 spiritus
1151 933 1254 1012 auris,

276 1039 426 1121 Septeno
440 1035 645 1101 moderanda
658 1035 780 1100 choro:
804 1035 864 1099 sed
880 1034 1039 1118 praesidet
1054 1034 1130 1098 ollis

277 1139 422 1203 Sortitus
437 1139 582 1221 regimen
596 1135 713 1202 nitidae
728 1137 787 1201 Sol
803 1155 925 1202 aureus
941 1135 1064 1202 aethree.

277 1239 354 1304 Nec
369 1241 443 1304 sole
457 1241 493 1303 in
507 1239 606 1302 nobis
620 1238 812 1302 moderatur
827 1244 978 1320 temporo
992 1237 1081 1316 vilae,

277 1343 368 1407 Dum
382 1343 483 1405 breve
503 1341 625 1407 soliciti
640 1341 787 1423 spatium
802 1341 1018 1423 producimus
1033 1339 1116 1404 eevi:

277 1442 434 1508 Creditur
449 1443 667 1526 occultosque
683 1449 791 1519 setus,
813 1449 848 1505 et
862 1446 1015 1525 tempore
1031 1441 1109 1508 vite

280 1542 437 1608 Materno
452 1542 606 1609 ducenda
618 1549 725 1622 utero,
747 1543 893 1608 formare
912 1543 1070 1620 videndo,

279 1645 324 1709 Et
337 1645 481 1709 nondum
497 1652 623 1710 exortae
637 1647 729 1732 leges
744 1664 943 1727 componere
957 1645 1049 1711 vitae.

278 1747 434 1830 Namque
447 1747 506 1811 ubi
519 1753 706 1830 conceptus
721 1747 860 1829 genitali
876 1744 1035 1810 insederit
1050 1764 1142 1823 urvo,

312 1929 439 1993 Imperium
449 1921 552 1979 siderum
562 1929 626 1992 regit
634 1933 727 1992 cuncto,
743 1944 795 1992 puoe
810 1923 958 1978 oisememus
973 1928 999 1976 iu
1014 1927 1113 1978 diversis
1124 1927 1192 1978 retus
1203 1905 1308 1990 agendis.
1342 1909 1378 1979 Et

279 1995 345 2042 douo
356 1994 425 2043 tedet
432 1996 505 2044 selum
515 1999 582 2044 amus
590 1996 716 2058 conperisse
726 2001 798 2043 terre.
833 1993 939 2042 Fortuna
948 1998 971 2041 et
981 1993 1060 2042 enimn
1076 1993 1171 2041 ueniunt
1187 1993 1234 2056 ipsi
1249 1993 1278 2042 et
1289 1993 1379 2044 oetdere

275 2073 375 2120 ummo,
389 2059 544 2121 dirigendae
560 2064 620 2108 cete
634 2065 721 2122 septem
730 2059 884 2121 planetarum.
922 2057 1008 2108 Verum
1022 2056 1064 2104 Sol
1080 2057 1119 2105 cui
1135 2057 1222 2118 obtigit
1232 2059 1380 2108 moderamen
1485 2023 1502 2071 ’ἵ

275 2123 339 2172 “cleri
349 2123 446 2172 atteris
453 2130 539 2186 penest
549 2125 607 2172 illis.
640 2123 723 2185 Neque
733 2123 797 2183 regit
808 2125 902 2170 tuntum
911 2120 937 2169 iu
954 2119 1020 2169 nodis
1030 2121 1099 2169 dores
1119 2122 1176 2170 uita
1192 2127 1289 2185 mure,
1304 2125 1378 2172 donee

278 2187 386 2248 degimus
406 2192 474 2236 cena
493 2191 597 2249 tempora
612 2186 669 2236 nita
687 2186 776 2248 anie,
792 2187 832 2234 sed
855 2185 1007 2235 existimatur
1023 2185 1096 2233 etiem
1112 2184 1208 2249 fingere
1225 2191 1320 2249 aspectu
1335 2201 1377 2235 ruo

279 2255 382 2300 secunus
390 2251 562 2312 genestoncs,
570 2257 594 2299 et
603 2251 706 2312 φαείνω
713 2250 771 2298 etta
778 2250 838 2312 quod
847 2251 976 2310 degendum
987 2253 1022 2299 est
1030 2250 1057 2297 iu
1065 2255 1145 2298 cestre
1151 2250 1245 2312 nutris,
1256 2255 1280 2299 et
1287 2253 1377 2326 efficere

274 2314 332 2375 foto
342 2315 398 2364 nita
408 2316 509 2364 seudum
519 2315 590 2364 edite
598 2314 625 2363 iu
635 2315 717 2364 tem
749 2313 846 2364 Etenim
856 2312 988 2373 cnmsoetru
998 2313 1125 2364 adiecerit
1132 2329 1189 2364 oreo
1196 2313 1310 2378 genitate,
1324 2331 1375 2366 cer·

739 2455 917 2476 ΟΙΙΜΜΟ

313 2573 330 2618 6
345 2569 389 2620 Sic
410 2569 526 2632 reposuit
547 2569 656 2620 Tollius.
672 2569 733 2619 Vid.
752 2566 847 2619 ine-e
863 2569 935 2618 Sutor
952 2568 1093 2633 Vulge-ll
1119 2568 1246 2620 ‘Genitali
1263 2571 1378 2632 iufirderit

282 2634 347 2698 elno]
371 2635 485 2685 Possunt
512 2635 567 2685 hec
594 2632 667 2684 t'errl.
699 2633 811 2684 Videtur
838 2644 924 2683 temen
947 2632 1077 2683 Ausonius
1099 2635 1251 2697 scripsisse:
1279 2636 1381 2698 genitali

281 2698 480 2757 iv‘uderitoreo!
497 2698 624 2748 Gravius.
640 2696 701 2748 vul.
714 2699 849 2748 Not-Ver.
866 2698 961 2761 ‘Legit
972 2698 1091 2748 Graevins
1102 2699 1231 2758 infuderit:
1253 2714 1303 2763 que
1319 2714 1381 2750 nuc·

282 2764 389 2815 toritste
399 2764 494 2827 neseio,
504 2764 576 2830 (uem
588 2764 697 2814 Vinctus
709 2763 803 2828 aliique
814 2763 904 2827 legunt
914 2761 1049 2827 insederit)
1067 2770 1139 2813 certe
1153 2765 1224 2814 nullo
1234 2779 1319 2829 seusu,
1328 2765 1379 2814 nisi

778 2923 883 2975 No'rffl

317 3051 330 3096 l
350 3043 576 3109 0muie‚que,t‘c.]
592 3044 747 3095 Censorinus
765 3045 811 3096 lib.
851 3053 915 3097 tete.

284 3113 317 3171 de
327 3121 380 3170 Die
392 3122 489 3186 Natali,
504 3121 572 3171 unde
587 3121 642 3171 lraec
661 3122 694 3172 de
713 3123 811 3173 ratione
883 3127 899 3170 o
916 3122 968 3171 Nec
978 3122 1064 3171 soloin
1074 3121 1211 3186 nolum]
1226 3120 1269 3172 Sic
1280 3121 1380 3186 optime

285 3203 375 3260 pertus
386 3194 541 3244 desumeisse
552 3193 680 3244 Ausonius
692 3194 811 3247 videtur:
850 3197 946 3247 Tollius
958 3198 1084 3264 reposuit,
1100 3213 1132 3248 ex
1144 3213 1176 3249 eo
1195 3198 1264 3264 quod
1280 3206 1338 3249 eret
1355 3201 1381 3249 in

285 3269 579 3334 ‘Aureomniaigieuu’
597 3270 812 3335 iuquit,‘dic·unt
850 3274 935 3323 veteri
953 3275 1038 3338 libro,›
1054 3277 1108 3325 Nec
1129 3275 1172 3325 Sol
1192 3277 1219 3325 iu
1237 3275 1314 3338 nolu,
1339 3280 1381 3340 dc.

284 3353 371 3398 ectum
382 3347 511 3412 vitemque
522 3353 636 3396 nostrum
654 3347 738 3397 stellis
758 3352 811 3398 tem
850 3351 966 3415 Propter
976 3353 1156 3416 Syneloeplrem
1169 3352 1226 3402 Sole
1236 3352 1271 3404 ie.
1303 3353 1381 3404 Quod

284 3422 356 3485 regis
366 3437 441 3487 quum
451 3423 577 3473 stantibus
587 3438 644 3472 esse
659 3423 812 3486 subjectum,
850 3441 901 3478 non
920 3429 1039 3479 videntes
1060 3429 1161 3478 librarii
1186 3431 1382 3493 exscripserunt

285 3511 424 3566 eurumque
440 3499 512 3548 vario
529 3498 718 3563 multiplicique
736 3513 811 3550 cursu
850 3518 891 3552 uec
902 3504 946 3553 Sol
955 3502 1117 3567 iuuetiutfc.
1134 3506 1244 3556 ebsrrrdo
1254 3521 1340 3572 seusu,
1352 3515 1382 3557 et

285 3588 366 3638 genus
376 3574 512 3624 humanum
524 3575 678 3639 gubernari!
851 3579 940 3644 inepta
951 3581 1107 3644 repetitione
1123 3583 1193 3631 vocis
1209 3582 1286 3632 ‘Sol’
1318 3583 1381 3632 Seu·

317 3649 467 3712 suntuna]
484 3651 613 3715 Quicquid
633 3651 660 3700 in
678 3649 732 3700 vite
751 3650 811 3700 boni
850 3669 893 3704 sus
905 3669 938 3704 ex
950 3656 997 3705 trec
1007 3656 1121 3705 lectione
1138 3658 1229 3720 plenus
1248 3663 1297 3720 est,
1317 3673 1380 3724 qus·

285 3731 330 3776 unt
341 3725 401 3776 meli
413 3725 550 3790 contingit.
850 3730 901 3780 lem
912 3731 938 3780 iu
951 3731 1173 3794 Interpretarione
1184 3733 1304 3797 exposui.

318 3800 333 3832 '
351 3801 458 3850 Fortuna
476 3807 499 3851 et
518 3801 618 3866 spiritu
634 3803 700 3852 curis
710 3802 811 3867 Septeuo
883 3811 898 3855 8
912 3807 1024 3856 Creditur
1035 3807 1178 3870 occultosque
1188 3813 1265 3872 seme,
1272 3807 1326 3872 dc]
1336 3808 1381 3860 Sic

285 3876 515 3940 moderuudecltero]
535 3878 629 3941 Neque
638 3877 810 3928 Christianum
851 3880 1027 3946 Achinepolus
1047 3883 1194 3947 chaldeus,
1211 3891 1278 3934 teste
1290 3885 1381 3935 Vitru-

284 3965 367 4016 neque
378 3951 560 4016 Philosophum
571 3952 683 4016 praebuit
693 3954 811 4004 seAuso·
851 3960 894 4009 vio
903 3959 948 4008 lib.
959 3972 999 4009 rx.
1012 3975 1069 4024 cup.
1080 3964 1104 4011 7.
1119 3946 1200 4010 ‘'Non
1212 3945 1381 4028 e'nescentie,

285 4026 352 4090 nius,
367 4042 424 4078 cum
437 4027 628 4090 istescriberer‚
644 4044 700 4094 que
712 4035 812 4080 nonest
851 4034 898 4084 sed
920 4048 953 4084 ex
974 4036 1145 4098 conceptione
1171 4039 1381 4104 genethliologiae

286 4103 502 4166 operaepretium
529 4102 658 4167 refellere,
682 4105 811 4171 siquidem
851 4110 964 4160 rationes
975 4111 1119 4175 explicetur
1131 4111 1251 4176 reliquit:

280 4176 335 4238 jorn
356 4177 415 4226 elim
434 4178 526 4228 validis
546 4179 703 4244 argumentis
721 4179 811 4231 confu-
883 4190 913 4236 11
934 4186 1042 4236 Genitali
1053 4186 1168 4238 insederit
1178 4188 1247 4251 orno]
1262 4189 1306 4239 Sic
1335 4203 1376 4241 om
