2998 4884
581 357 760 410 nuruum.
1152 348 1218 414 tou

117 498 238 566 Pande
251 503 398 588 peplum,
414 501 628 585 spatiumque
642 503 721 567 novi
736 507 858 569 metare
872 503 1000 585 fluenti,

14 653 17 664 .
120 603 296 668 Frutemis
310 602 529 668 cumulandus
545 604 662 686 aquis:
684 624 746 669 neo
762 606 902 687 praemia
915 606 951 671 in
965 607 1062 672 undis
1152 607 1216 672 420

118 704 213 781 Solu,
228 704 288 768 sed
302 702 465 786 Auguste
480 705 615 770 veniens
629 704 722 787 qnod
737 707 906 772 moenibus
921 709 1015 772 urbis

117 805 295 888 Spectavit
308 804 449 888 junctos
461 805 599 887 natique
615 807 788 888 patrisque
803 808 1003 892 triumphos,

119 905 295 970 Hostibus
310 905 441 970 exactis
456 905 599 970 Nicrum
614 926 724 990 snper,
738 916 774 972 et
786 907 1024 990 Lupodunum,

118 1009 166 1073 Et
180 1007 306 1071 sontem
321 1006 428 1072 Latiis
442 1009 589 1090 ignotum
602 1008 783 1074 annalibus
800 1007 923 1074 Histri.

117 1242 184 1340 me
193 1230 268 1279 bean
277 1245 336 1343 πίοᾶἲ
340 1230 640 1344 μκῃίοώαάρίμῖιοΐῶ
650 1231 717 1345 τέο
727 1231 849 1308 meudun
858 1231 896 1309 ¹¹⁹⁸.
901 1231 971 1282 undis
979 1231 1109 1308 soumis.
1135 1233 1218 1306 Nepet

115 1309 310 1432 urbisaffresmae
320 1300 529 1420 pruvinensium
543 1310 672 1421 trotampl'oa
681 1301 784 1434 [ἵξις
791 1297 909 1422 westie?
916 1296 1014 1422 fam:
1028 1296 1218 1410 mm

117 1421 230 1484 Nurum,
245 1427 269 1472 et
280 1422 441 1487 lupodunum,
459 1427 483 1472 et
498 1427 568 1486 capue
586 1422 695 1474 norun
713 1423 861 1484 &muitum
879 1425 1003 1474 muntilio
1019 1424 1123 1476 buthir.
1156 1423 1218 1473 Hoee

614 1566 727 1620 NOTAE

116 1663 223 1714 Milesia
238 1663 475 1728 velleraNympbsa
487 1662 648 1727 Carpebant,
719 1668 768 1714 423
798 1664 918 1720 Hodites
937 1664 1041 1728 autb]
1073 1663 1219 1726 Germanis,

117 1738 188 1802 hyali
200 1745 288 1788 saturo
297 1737 386 1787 fucata
396 1737 504 1788 colore.'
528 1737 580 1788 Ubi
590 1738 649 1788 Ser·
688 1752 741 1787 nou
752 1745 851 1788 tantum
864 1739 905 1796 iia.
917 1741 961 1806 qni
973 1739 1011 1790 cis
1026 1739 1145 1789 Rhenum
1156 1738 1220 1789 Gai·

116 1814 175 1868 vius
183 1814 301 1878 exponit,
313 1814 416 1877 vitreo,
428 1813 514 1876 viridi,
529 1820 556 1864 et
567 1813 648 1877 Nym·
687 1815 736 1864 liae
746 1814 906 1876 invaserant,
915 1815 960 1865 aed
971 1822 1000 1866 et
1013 1823 1084 1865 trans
1100 1814 1219 1864 iibenuna

118 1888 178 1951 pbia
191 1895 263 1952 apto.
687 1889 868 1940 babitantibus
879 1891 995 1952 Francis,
1006 1896 1034 1940 et
1044 1889 1144 1939 naevis.
1174 1888 1219 1936 Sic

148 1967 199 2014 419
217 1965 407 2032 munsterolo]
431 1963 558 2028 bioseilae,
575 1964 648 2028 cujuo
687 1965 755 2014 euim
773 1964 806 2014 de
823 1964 987 2014 iliarictoria
998 1966 1096 2016 Noster
1115 1964 1142 2012 in
1154 1963 1220 2011 Pre-

117 2053 198 2103 uqnas
205 2040 324 2105 jamjam
335 2047 492 2106 excepturus
502 2055 542 2090 es.
687 2042 792 2090 cutione
814 2039 962 2090 consularia
990 2042 998 2068 ‘
1011 2036 1139 2088 Hostibus
1157 2036 1219 2086 edo·

151 2114 166 2142 ⁶
183 2114 341 2180 Sputimu
361 2117 416 2167 noui
436 2120 525 2175 rueme
544 2113 647 2178 fiunti]
688 2114 767 2176 mitis,
777 2129 828 2178 qna
843 2113 953 2163 Francia
964 2114 1041 2164 mista
1056 2112 1147 2163 suevia
1157 2112 1219 2162 Cer·

117 2188 151 2237 ld
172 2190 243 2253 qnod
264 2189 338 2254 facit,
357 2206 415 2242 cum
435 2189 561 2253 aBiogio
580 2189 649 2239 inter
690 2196 729 2238 tot
746 2189 778 2239 ad
796 2189 954 2255 obsequium,
973 2189 1055 2239 Latiis
1074 2194 1105 2239 ut
1126 2187 1220 2237 militet
1248 2210 1251 2216 ·

117 2264 254 2313 continuos
279 2272 380 2316 montes
407 2265 481 2315 niveo
507 2264 649 2328 augustiori
689 2264 843 2328 armis,'&c.

116 2339 214 2402 lapsus,
241 2354 322 2404 prope
349 2339 508 2391 continenter
539 2340 649 2404 amplius
721 2341 824 2391 Nicrum
841 2342 922 2406 saper]
955 2341 1050 2392 Neolrer
1072 2341 1217 2392 Germaniae
1253 2383 1256 2388 .

118 2413 231 2477 spatium
243 2415 292 2464 sibi
304 2417 393 2479 annuit,
404 2416 475 2481 quasi
486 2430 581 2466 novum
592 2415 650 2464 bos·
690 2431 791 2467 amnem
802 2415 828 2466 iu
840 2418 957 2467 Rhenum
968 2415 1128 2468 induentem.

119 2490 200 2552 pitem
219 2498 382 2554 accepturus.
423 2491 490 2540 Huc
515 2491 650 2540 Froberoe.
724 2493 759 2540 Et
769 2492 936 2556 Lupodunum]
962 2494 995 2544 B.
1012 2492 1151 2543 Rhenanus
1170 2492 1221 2541 Ln-

118 2569 261 2620 ‘Metare'
277 2569 381 2632 politice
394 2569 501 2620 dictum.
523 2567 652 2617 ‘Mutari’
690 2567 831 2632 podnunm,
851 2575 879 2618 et
905 2567 1060 2632 Lupondnm
1088 2567 1221 2617 existimat

118 2643 224 2709 proprie
244 2643 278 2692 de
295 2644 325 2693 iia
341 2644 385 2707 qui
400 2644 536 2694 Guomoue
555 2648 583 2692 et
595 2642 650 2692 De·
691 2657 747 2694 esse
758 2643 842 2708 Lapff,
849 2657 936 2693 arcem
945 2645 1005 2693 olim
1015 2642 1221 2704 munitissimam,

119 2717 561 2784 cempedaagrosfiuiebant,nude
579 2723 607 2766 et
622 2715 650 2765 fi·
689 2719 735 2768 sed
758 2719 834 2782 jussu
860 2718 1018 2781 sigismundi
1045 2717 1166 2780 cesaris,
1192 2723 1222 2765 et

119 2796 220 2845 nitores
231 2800 259 2845 et
269 2800 409 2844 metatores
419 2792 494 2843 dicti.
691 2794 801 2846 Concilii
812 2793 1017 2843 Constantienaia
1027 2803 1143 2840 eversam
1153 2805 1220 2840 anno

151 2874 200 2920 421
218 2867 346 2931 Amore]
361 2867 544 2916 Treverorum.
691 2867 789 2918 Christi
807 2871 878 2917 1416.
911 2866 962 2916 Sed
982 2867 1109 2916 Freberus
1128 2871 1221 2914 contra

150 2949 200 2996 tna
218 2944 463 3008 Nuttqnepotriapne]
481 2940 612 3004 Gratiani,
622 2947 651 2992 et
690 2957 749 2992 eum
760 2948 789 2991 et
806 2940 936 2993 ortelium
951 2946 1039 2989 tuetur
1050 2939 1221 3002 Lupodunum

120 3022 203 3085 patris
215 3021 274 3084 ejus
284 3019 469 3070 Valentiniani.
688 3032 735 3067 seu
744 3017 909 3086 Lobodnuam
920 3030 978 3066 esae
986 3030 1043 3066 eam
1059 3015 1149 3066 urbem
1160 3029 1219 3080 quoe

163 3099 179 3127 ⁹
216 3097 318 3160 Notique
353 3095 474 3159 patrisque
510 3094 651 3158 triumphos]
689 3093 1033 3154 nodiedictturmeaturg.

122 3171 228 3236 Nempe
243 3169 318 3235 lusis,
328 3176 359 3220 nt
372 3171 429 3234 jam
447 3169 567 3232 diximus,
586 3184 652 3219 anuo
723 3173 772 3220 444
789 3169 924 3230 Etfontesr
935 3167 1015 3220 latiis
1025 3167 1134 3228 ignotam
1146 3181 1221 3216 nauu-

121 3251 177 3298 868.
203 3259 287 3309 prope
311 3244 462 3296 Solicinium
495 3245 652 3308 Alemannis,
692 3246 753 3297 dtu
769 3243 863 3309 Histra]
888 3243 987 3294 Priscis
1004 3242 1108 3308 quidem
1125 3241 1221 3291 anuali-

122 3319 652 3385 dimisaoqneinbybemaexercitu,uter·
691 3322 750 3372 baa.
782 3321 935 3384 Quanquam
956 3317 1024 3368 enirn
1045 3317 1149 3366 'incitus
1165 3316 1221 3364 Ds-

122 3413 172 3463 qoe
205 3394 418 3461 (Valentinianus
447 3401 474 3445 et
501 3394 654 3458 Gratianus)
693 3395 798 3446 nubium
817 3393 916 3443 scribat
934 3391 1066 3456 precipiti
1077 3396 1105 3441 et
1116 3390 1222 3439 excelso

121 3474 255 3524 Treverim
276 3473 396 3537 repetiit,
413 3472 507 3536 ibiquev
520 3485 591 3521 more
607 3471 653 3522 tri·
693 3471 787 3523 nontin
798 3468 917 3519 Abnoba
924 3468 990 3533 jugo
1001 3466 1077 3529 oriri,
1088 3474 1116 3517 et
1128 3467 1222 3518 iteeti·

122 3551 291 3615 umpbantum
311 3552 443 3611 receptus,
452 3552 589 3612 spectante
600 3544 653 3596 Au·
694 3561 736 3596 um
758 3550 920 3608 compertum
941 3543 1052 3605 Plinius,
1072 3541 1223 3606 Dionysius,

123 3628 205 3690 sunio,
217 3627 262 3692 qui
274 3625 446 3689 expeditionis
462 3623 549 3675 inerat
559 3637 653 3675 cumea·
695 3618 1013 3680 Ptolemaeus,etstrabo,
1021 3623 1049 3668 at
1058 3617 1103 3667 aiil
1114 3617 1220 3677 dicunt;

125 3702 242 3752 liandem
263 3701 398 3750 victoriam
427 3699 511 3750 Poeta
527 3698 654 3764 respexit,
693 3691 1001 3746 tamenadennrsontem
1019 3692 1096 3742 armis
1112 3691 1222 3742 Romani

125 3789 181 3827 cum
193 3776 285 3840 Epigr.
298 3779 457 3826 liuverad.
476 3774 523 3824 snb
542 3773 655 3824 Danubii
693 3774 965 3834 nonpenetraverant.
992 3767 1222 3832 TrajanuaDauo·

124 3865 237 3915 persona
263 3851 345 3902 dixit:
378 3850 499 3901 ‘Salvere
523 3849 655 3914 Augustos
694 3848 765 3899 bium
784 3846 888 3912 quidem
908 3853 1057 3909 pacaverat,
1068 3845 1176 3895 sednon
1188 3841 1221 3890 ad

120 3927 200 3990 jubeo
235 3933 376 3992 natumque
409 3925 580 3990 patremque,'
605 3927 656 3976 dre.
694 3924 893 3987 fontemusqne.
924 3922 1001 3972 Unde
1019 3922 1046 3971 in
1061 3921 1116 3983 ejus
1127 3916 1223 3967 onmis-

125 4005 179 4056 lter
194 4004 372 4056 Valentiniani
382 4002 415 4053 ab
427 4003 578 4053 Alemannis
591 4003 657 4054 Tre·
693 3995 770 4049 matis
798 3995 960 4062 quibusdam,
978 3993 1124 4049 Danubius,
1144 4001 1221 4053 quem

125 4081 217 4143 verim,
233 4081 372 4130 comitante
391 4077 517 4139 Ausonio,
528 4077 655 4131 describit
693 4083 775 4139 ponte
786 4074 921 4136 junxerat,
940 4069 1042 4120 videtur
1061 4078 1119 4116 curu
1143 4065 1223 4128 peplo

128 4153 198 4206 llnt.
208 4155 284 4219 Belg.
295 4168 321 4219 p.
328 4158 385 4205 sti.
395 4151 547 4205 Bncberina.
693 4164 739 4202 seo
750 4149 858 4201 carbaso
869 4159 947 4210 snpra
956 4147 1045 4206 caput,
1054 4139 1123 4208 quud
1133 4138 1221 4193 fontes
