3026 4898
292 341 357 411 612
758 357 914 409 susonrr

291 505 493 570 Incumbunt
506 504 559 568 cui
572 508 707 579 cuneta
730 502 829 571 amar
843 501 975 570 devexa
990 504 1169 584 sequentur

275 622 278 626 ·
292 606 421 682 Cetera,
443 623 716 687 communemque
731 603 860 670 trahent
874 622 896 669 a
910 602 1033 668 vertice
1049 603 1191 686 lapsum.

292 708 370 772 Non
384 707 480 770 aliter
492 707 579 773 libra
593 712 662 770 est:
686 705 715 768 ei
731 704 836 770 defuit
849 703 960 780 uncia,
983 709 1070 773 totus

292 809 372 874 Non
386 807 448 872 erit
463 827 521 872 as:
543 825 731 890 nomenque
745 805 854 872 deunx
867 804 939 888 jam
953 824 1074 876 cassus
1087 804 1238 873 habebit.

291 909 367 974 Nee
381 908 525 974 dextans
539 910 656 976 retinet
668 927 800 985 nomen,
821 912 974 975 sextante
988 911 1124 976 remote.
1335 907 1381 976 20

290 1012 335 1077 Et
348 1012 508 1090 dodrans,
529 1012 713 1095 quadrante
729 1027 855 1086 uatem,
877 1015 1014 1077 auctore
1029 1007 1167 1075 carebit.

289 1114 524 1197 Dirulsnsqun
538 1115 641 1178 triens
654 1111 806 1196 prohibet
820 1112 997 1194 persistere
1012 1112 1156 1180 bessem.

288 1215 313 1280 J
315 1235 370 1279 am
386 1215 556 1297 quincunx
570 1215 633 1280 tibi
647 1214 762 1280 nullus
774 1214 848 1290 orit,
869 1213 900 1278 si
914 1212 1023 1296 priraa
1036 1213 1190 1280 revellas.

289 1317 334 1381 Et
347 1318 458 1394 semis,
479 1317 536 1382 uni
548 1316 648 1384 seruis
663 1315 726 1382 erit
739 1313 957 1399 pereuntibus
971 1315 1060 1382 assis

291 1416 468 1482 Partibus:
492 1424 525 1481 et
539 1417 635 1500 cujus
649 1417 744 1484 libres
758 1436 838 1500 pars
852 1417 1004 1500 septima,
1027 1415 1197 1500 soptanxr
1340 1418 1386 1484 25

289 1581 399 1640 mediana
413 1581 440 1629 ιἰι
450 1595 516 1644 quem
532 1596 611 1631 omues
624 1581 667 1630 olii
683 1581 827 1643 recumbunt,
845 1582 929 1644 reliqui
939 1581 1028 1646 lapides
1037 1581 1147 1632 iaeliaati
1157 1596 1205 1632 aaa
1214 1586 1346 1644 sequeretur,
1362 1587 1386 1631 el

288 1647 358 1694 ιιιιιιιι
367 1647 451 1694 duest
459 1645 687 1696 ιιιίιιιιιιισιιιιιιιιιι
720 1647 795 1695 Haud
804 1660 869 1694 serus
884 1647 944 1694 nera
961 1661 986 1695 se
996 1646 1074 1696 iudet.
1107 1646 1137 1695 Si
1148 1647 1218 1694 mia
1227 1646 1324 1707 defecit,
1339 1662 1385 1695 sorr

288 1711 335 1760 erit
345 1724 372 1760 as
381 1711 484 1760 solidus:
495 1715 518 1758 ιι
529 1712 589 1773 quod
599 1710 723 1773 supererit,
730 1716 786 1759 tuae
796 1709 898 1760 imaiter
905 1711 1061 1774 appellabitur
1070 1712 1157 1760 dnae.
1191 1711 1275 1772 Neque
1284 1713 1386 1760 dextans

287 1779 366 1824 error
377 1788 458 1822 amnes
465 1789 542 1836 mum,
549 1789 600 1822 eam
611 1775 748 1824 ducenaria
758 1773 844 1824 oblata
860 1779 924 1824 suat.
957 1775 992 1822 Et
1001 1776 1103 1824 dodrans
1119 1775 1227 1838 priuatas
1245 1777 1387 1838 quadrante,

286 1838 685 1900 maudituruwtoresniaomiais.
718 1840 753 1887 Ει
762 1837 976 1887 tnensadstroetus
986 1843 1051 1887 estut
1059 1839 1144 1888 bessem
1154 1854 1296 1902 permanere
1324 1840 1385 1888 Jum

289 1917 343 1951 sero
352 1903 440 1952 sollum
448 1901 542 1952 audetis
551 1905 709 1965 quincuncem,
718 1917 740 1950 ιι
734 1901 844 1979 'naseas
857 1907 938 1965 partes
946 1903 1045 1965 priores.
1079 1903 1113 1952 Et
1131 1919 1147 1952 o
1148 1918 1204 1980 qno
1215 1903 1384 1954 aanoooaet·

289 1972 330 2016 tur
345 1966 423 2030 semis,
438 1965 536 2016 sublatis
551 1968 649 2030 aerque
664 1967 773 2032 partibus
789 1967 863 2016 osas:
880 1971 903 2016 et
919 1971 1022 2030 ιιριιιιιι
1035 1969 1098 2018 soluo
1117 1965 1236 2030 ardum
1254 1967 1322 2016 itero
1338 1969 1385 2017 erit

746 2093 927 2115 ‘'ml‘'

288 2177 391 2228 Mavult
410 2176 573 2228 Gronovius:
584 2185 685 2253 septena
702 2181 800 2230 repellas
800 2183 874 2232 ,44
892 2178 938 2230 Coi
957 2177 1034 2242 ursin
1053 2182 1089 2226 tot
1106 2176 1258 2254 pereuatidso
1274 2175 1385 2253 conjicit

289 2241 443 2291 Gronovius.
445 2245 508 2290 -25
526 2242 691 2305 Conjieitlrie
702 2258 806 2310 queque
818 2244 983 2296 Gronovius:
999 2248 1024 2292 et
1036 2243 1058 2292 si
1076 2243 1114 2291 eui
1131 2257 1188 2306 pars
1204 2255 1252 2290 una
1270 2245 1294 2290 et
1311 2238 1385 2291 tertia

780 2386 886 2443 NO'I'AE

321 2482 353 2526 19
374 2479 507 2542 Nomenque
525 2481 667 2543 daonium
680 2497 758 2532 uanus
771 2483 812 2532 du·
854 2497 905 2546 qne
923 2489 1022 2532 sextam
1040 2487 1140 2547 partem
1160 2480 1224 2535 assu
1244 2477 1385 2544 signifieat,

288 2553 359 2613 laedit,
370 2553 425 2617 ipe]
445 2555 495 2604 His
516 2571 573 2620 qna
592 2561 735 2622 sequnntur
751 2558 814 2608 ullril
853 2555 903 2607 lton
914 2564 965 2615 est,
976 2558 1039 2608 duros
1049 2557 1147 2608 uncins

288 2632 357 2680 alind
383 2630 529 2694 algnifieare
550 2634 616 2693 vult,
635 2635 682 2683 nisi
704 2634 812 2683 sublatis
884 2635 916 2680 21
936 2632 1073 2686 Quaeram
1091 2629 1186 2693 earm]
1205 2630 1249 2680 Sin
1261 2629 1384 2680 emendat

287 2708 385 2771 aliquot
397 2707 457 2758 assis
470 2709 595 2772 partibus,
606 2724 650 2758 sen
666 2710 757 2770 nunilo,
775 2722 814 2757 rs·
853 2707 1009 2760 Gronovius.
1042 2707 1129 2769 Vulgo
1146 2707 1243 2769 legitur
1253 2707 1384 2770 quadrante

286 2784 367 2848 liques
380 2785 551 2849 numenquod
570 2785 606 2832 eia
628 2785 704 2846 vulgo
723 2784 813 2833 tribui·
852 2789 927 2846 satus,
947 2783 1015 2848 qnod
1035 2798 1136 2834 sensura
1158 2782 1239 2832 habet
1264 2784 1384 2849 aliquem,

287 2853 330 2909 t'ur
340 2861 371 2908 ad
383 2859 571 2909 ostendendum
585 2868 662 2922 qrrota
672 2859 734 2907 assis
752 2873 812 2922 pars
853 2861 898 2910 sed
909 2860 953 2924 qni
965 2860 1026 2908 nihil
1038 2859 1070 2908 ad
1083 2858 1151 2908 hune
1163 2859 1246 2907 lucana
1254 2856 1328 2908 facit.

285 2936 346 2997 sint,
355 2942 418 2998 pata
428 2935 523 2997 deunx,
533 2935 654 2996 dodrans,
661 2936 753 2996 bessis,
764 2939 814 2986 &n
884 2939 989 2986 Auctore
999 2935 1098 2997 carebit]
1110 2933 1261 2986 Quadrantu
1271 2935 1382 2997 scilieet,

285 3011 404 3059 nonnisi
427 3011 566 3073 improprie
588 3026 663 3073 posse
682 3012 813 3073 retinere3
854 3013 898 3077 qui
916 3011 1040 3063 dodranti
1059 3011 1162 3061 additus
1186 3010 1320 3060 consutuit
1341 3026 1382 3060 as-

286 3101 344 3136 enm
359 3100 387 3135 as
406 3086 471 3147 ipse,
489 3087 560 3148 eujus
580 3094 699 3149 respectu
712 3094 813 3136 tantam
854 3104 918 3149 seru,
928 3090 1002 3153 cajus
1014 3091 1113 3137 tanturn
1131 3092 1254 3150 respectu
1269 3086 1382 3136 dodrans

286 3175 318 3209 ea
328 3160 425 3209 habent
437 3161 549 3221 nomina,
559 3175 610 3209 non
621 3169 753 3210 remaneat
763 3176 814 3210 aur·
853 3165 960 3224 dicitur,
979 3169 1008 3213 ut
1025 3163 1081 3227 jam
1092 3163 1188 3212 monui.

287 3236 362 3298 plius.
395 3235 489 3283 Derras
506 3234 637 3298 'significat
656 3249 737 3284 assem
750 3236 813 3284 defi·
885 3243 917 3289 2³
934 3239 1051 3302 Siprima
1061 3236 1172 3299 revellas]
1189 3237 1250 3287 Hoe
1259 3243 1310 3300 est,
1330 3239 1384 3302 pri·

285 3310 371 3359 ciente
392 3311 477 3370 rancia,
497 3311 546 3360 lroc
564 3317 614 3372 est,
632 3311 751 3360 undecim
769 3327 813 3360 uu·
854 3319 1012 3368 presumi„
1030 3325 1140 3380 reptem,
1155 3331 1213 3381 (με
1233 3331 1290 3366 cum
1311 3319 1384 3382 quin.

286 3385 359 3444 eias;
379 3384 487 3434 dextans
511 3386 621 3435 eundern
644 3401 727 3436 assem
750 3387 812 3437 defi·
854 3407 1029 3443 cuaeeassem
1042 3391 1167 3442 alliciunt.

285 3461 371 3510 ciente
392 3469 511 3511 sextante
531 3477 576 3511 sen
598 3463 696 3514 dnsbrrs
720 3465 812 3524 unciis,
885 3467 900 3496 ⁶
922 3468 951 3518 di
970 3468 1048 3531 primu
1068 3468 1179 3530 revellas]
1205 3469 1283 3532 Legit
1309 3476 1384 3519 recte

285 3537 812 3606 hoeest,nueiasdeeeqr;dodranssssenr
853 3543 999 3594 Gronovius
1009 3549 1113 3608 septena.
1146 3543 1383 3594 Etenimrisiele·

285 3611 424 3663 deficiente
435 3615 585 3678 quadrante,
596 3617 643 3666 hoc
654 3624 705 3678 est,
718 3631 809 3666 norem
851 3626 943 3682 gauter
952 3619 1058 3669 reticeri
1070 3620 1147 3668 solet.
1180 3620 1284 3683 Nempe
1295 3620 1316 3668 si
1336 3634 1383 3667 nn·

285 3691 383 3750 arucias,
404 3704 449 3738 seu
470 3697 523 3739 tres
548 3693 611 3740 assis
634 3692 808 3755 quadrantes:
851 3695 902 3743 elas
913 3703 1025 3757 septena,
1041 3710 1098 3760 quoe
1110 3709 1170 3745 euna
1178 3695 1323 3760 quincunce
1342 3709 1382 3744 as·

284 3765 330 3814 bes
348 3765 420 3814 binas
432 3765 495 3815 assis
515 3769 614 3826 tertias,
634 3769 680 3817 troc
698 3775 748 3831 est,
764 3785 811 3818 nn·
851 3783 903 3818 sem
930 3768 1054 3833 efficiunt,
1071 3771 1191 3833 revellas,
1213 3771 1269 3833 jam
1296 3771 1386 3822 nullus

284 3843 338 3890 aias
359 3847 434 3890 ueto·
454 3849 566 3905 septunx
584 3852 683 3908 septem
703 3846 809 3894 uncias·
852 3845 903 3894 erit
925 3846 1066 3950 quincunx.
1100 3845 1159 3896 Quo
1186 3851 1272 3894 autern
1300 3853 1382 3910 paeto

284 3918 361 3966 seruis
381 3915 513 3965 dimidiam
541 3920 603 3966 assis
629 3927 740 3982 partem,
764 3934 810 3968 ren
851 3922 968 3970 nostar‘
980 3921 1081 3985 prima’
1103 3921 1270 3986 interpretari
1297 3923 1383 3985 possit

284 3993 373 4042 uncias
392 4006 455 4041 sex.
481 3991 613 4055 quincunx
633 3995 720 4043 arucias
737 3995 810 4082 quin·
851 4007 971 4059 septena,
988 4010 1149 4061 nequaqnam
1171 3998 1317 4060 intelligere
1339 4011 1383 4048 rne

283 4083 348 4143 qno:
362 4069 441 4118 triens
454 4068 669 4131 unciasqualuor‚
677 4084 734 4133 qua
745 4070 809 4118 assis
849 4072 942 4123 fatear

283 4135 325 4193 es't
336 4145 497 4208 tertiapars:
509 4145 638 4208 quadrans
650 4145 809 4201 tresnariae,
882 4152 914 4197 ιι
931 4149 1090 4198 Pereuntitus
1108 4150 1167 4200 assis
1185 4150 1311 4228 Portibus]
1328 4150 1382 4201 Sex

284 4232 341 4283 qnae
350 4227 443 4283 quarta
455 4233 513 4282 para
531 4223 607 4271 assis:
626 4227 729 4272 sextans
740 4221 810 4271 deni·
851 4215 957 4287 reliquis
966 4225 1057 4275 unciis.
