3034 4878
601 339 806 426 Puniceus.
1171 369 1235 434 835

148 518 290 584 insidias
317 515 496 584 molientes.
540 518 640 585 Circa
668 520 835 587 Asteriam
859 543 938 606 ergo
964 526 1131 606 insulem:¹
1159 550 1234 614 quae

149 623 300 688 Ithacam
323 621 527 704 Samumque
553 621 735 704 interjacet,
759 624 1000 705 delitescentes,
1026 629 1235 694 occasionem

147 725 276 790 fraudis
290 729 480 806 expectant.

148 910 249 984 latentes
258 910 321 1020 οἰνιάα
327 907 428 1020 ¹iprensium
437 907 571 971 Asterium,
581 923 633 972 quoe
644 909 691 958 situ
707 914 741 958 est
749 910 811 960 ister
822 911 928 961 [tiorum
937 917 961 962 et
969 911 1074 978 Samum,
1084 913 1214 978 opperiente

148 987 288 1022 memnon
314 989 326 1019 o
347 1005 354 1021 .

639 1085 744 1135 NO'l'AE

180 1197 192 1230 ⁴¹
212 1198 283 1248 Circa
293 1197 414 1248 Asisium
428 1214 485 1261 ergo
501 1201 611 1266 inmun]
626 1199 774 1250 Asteridem
785 1201 909 1253 Homero.

408 1448 598 1496 asamona
616 1448 651 1494 v.
675 1446 862 1496 onrssnm.
905 1435 970 1499 449

236 1591 388 1679 Liquerut
405 1592 437 1654 in
456 1589 556 1674 tepido
578 1585 739 1651 tithonum
755 1588 882 1653 Aurora
903 1589 1008 1655 cubili.

190 1729 223 1792 2.
246 1728 434 1792 Mercurius
448 1728 482 1790 in
499 1725 662 1807 Ogygiam
677 1723 820 1788 insulam
834 1725 979 1803 devolat,
994 1733 1031 1790 ut
1045 1727 1068 1791 J
1071 1729 1146 1792 ovis
1161 1750 1232 1795 mo-

146 1830 228 1894 nitis
251 1829 399 1914 Calypso
421 1829 594 1893 conterrita
616 1826 753 1889 Ulixem
777 1828 922 1908 patiatur
937 1826 1118 1894 discedere.
1163 1830 1233 1908 Qui

148 1937 311 1995 contextu
333 1933 416 1996 ratis
440 1940 562 2020 temere
577 1934 783 2013 properatae¹
807 1929 1051 2010 navigationem
1068 1932 1160 1995 solus
1177 1953 1233 2015 ag·

146 2032 302 2114 greditnr.
345 2031 376 2096 3.
399 2029 681 2096 Duodevicesima
696 2028 761 2106 die,
776 2035 976 2111 tempestate
990 2037 1167 2109 commota,
1188 2054 1232 2097 ex

146 2133 321 2198 iracundia
344 2133 516 2198 infestante
542 2131 712 2215 Neptuno,
734 2133 874 2195 trabium
896 2151 1063 2214 compago
1078 2132 1232 2198 dissolvi·

141 2241 207 2299 tur.
253 2236 332 2314 Quo
356 2254 437 2298 casu
460 2233 609 2316 proditur
633 2234 759 2297 ultimae
783 2233 873 2315 spei:
897 2237 930 2296 et
943 2233 1042 2296 irritis
1058 2238 1231 2299 conatibus

146 2336 257 2400 nendo
273 2339 316 2400 ab
332 2335 415 2400 Ino²
438 2336 532 2400 Dea‘*
554 2336 765 2400 misericorde
784 2341 944 2406 servatur.
990 2333 1077 2413 Quae
1093 2337 1232 2402 calanti-

146 2434 240 2501 cam*
263 2437 366 2519 capiti
382 2455 443 2500 suo
459 2436 602 2499 demtam
622 2436 751 2499 natanti
766 2435 1008 2500 accommodat.
1053 2434 1159 2529 Cujus
1175 2439 1232 2502 ille

146 2544 330 2604 sustentatu
345 2537 387 2601 ad
402 2557 509 2619 usque
524 2536 724 2602 Phaeacum⁰
737 2537 830 2601 littus
844 2537 966 2600 evadit.
1071 2533 1073 2538 ’

177 2750 272 2799 Aurora
281 2752 406 2814 reliquerat
418 2751 542 2800 Tithonum
552 2749 578 2799 in
588 2752 646 2800 lecto
656 2751 755 2799 colente.

179 2816 315 2864 Mercurius
332 2816 450 2865 mandit
466 2816 492 2863 in
510 2816 609 2863 inuium
630 2815 757 2876 Ogygiam,
772 2817 798 2862 ut
817 2812 919 2875 Calypso
938 2808 1063 2867 terrefactus
1075 2807 1150 2868 jussis
1166 2808 1235 2856 Joeis

145 2879 210 2926 unct
227 2879 321 2928 Ulicem
329 2881 402 2930 ubire.
436 2880 484 2934 Qui
502 2883 553 2927 rute
565 2885 684 2941 compecto
699 2882 785 2925 temere
795 2882 819 2924 et
824 2876 968 2935 festinanter
978 2873 1080 2933 uedags't
1092 2888 1117 2920 se
1131 2874 1194 2920 solus
1203 2874 1235 2920 ud

144 2944 310 3003 nauigandum.
344 2945 394 2992 Die
409 2944 498 2992 &dms
516 2948 607 3003 cetuna,
625 2942 730 2990 excitato
750 2943 894 3002 tempestate,
916 2939 1025 3000 Neptuno
1043 2937 1152 3010 reddente
1169 2951 1241 2983 mure·

145 3005 257 3065 infestum
266 3023 297 3056 ex
305 3008 352 3068 ἕνα,
362 3007 531 3067 coagmentatio
541 3007 676 3065 trubium,e
687 3005 768 3066 quidus
778 3005 839 3052 rutis
849 3001 979 3063 senuna,
987 2999 1147 3075 diffriugrtus.
1165 3039 1166 3044 ,
1181 2999 1233 3053 Quo

145 3075 229 3119 eventu
239 3071 357 3132 redigitur
375 3072 498 3121 Ulixesud
508 3077 722 3130 extremunspem:
743 3073 767 3117 ei
785 3069 886 3116 nutando
897 3066 964 3114 suuis
980 3063 1070 3113 amadus
1086 3068 1234 3137 conservetur

144 3133 175 3181 nl>
186 3135 230 3182 Ino
241 3136 295 3184 Des
306 3135 462 3186 misericmde.
494 3135 554 3190 Quoe
564 3139 631 3197 optut
641 3133 663 3181 ei
674 3133 742 3180 nunti
759 3134 834 3180 uelum
850 3133 980 3180 detructum
995 3131 1024 3178 de
1042 3142 1081 3177 ssu
1096 3131 1181 3190 repnte,
1190 3141 1233 3190 quo

144 3203 286 3248 sustentatus
296 3200 337 3249 ille
344 3200 451 3264 possuit
461 3200 491 3248 ud
501 3214 565 3248 mm
576 3198 709 3247 Pheneum.

600 3365 615 3383 Ο
619 3362 783 3384 ”ww

180 3485 193 3529 1
210 3480 254 3530 Sie
263 3479 370 3544 corrigit
378 3479 531 3544 Gronovius,
542 3494 599 3545 pru,
608 3496 629 3530 r.
638 3485 656 3529 ι.
665 3481 851 3544 properare—2
867 3475 909 3526 ΑΙ.
921 3475 950 3525 ui
961 3477 1041 3526 isone.

637 3639 742 3690 NOTAE

179 3729 249 3808 uss*
265 3758 308 3806 nu
324 3757 389 3820 nea]
405 3753 470 3806 uuae
487 3753 587 3804 oraeus
606 3755 672 3804 nen.
712 3752 846 3817 παρειμένον
863 3749 931 3814 μέχρι
952 3751 999 3797 τῶν
1019 3749 1094 3808 snus.
1115 3745 1236 3808 ‘Capitis

146 3838 249 3897 cethea,
269 3833 368 3883 Latinis
390 3837 473 3880 muter
501 3831 614 3890 Matuta,
643 3844 673 3879 nc
713 3835 816 3892 tegmen
836 3826 868 3875 sd
894 3827 1011 3873 humeros
1038 3835 1119 3886 usque
1144 3820 1238 3870 demis·

146 3925 236 3973 mergo
256 3907 345 3958 similis
365 3906 463 3956 assedit
473 3905 544 3954 Ulixi
563 3905 590 3954 in
607 3910 672 3968 rste,
714 3905 789 3954 sum?

146 3986 215 4050 apud
229 3985 379 4034 Homerum.
745 3987 756 4012 ⁶
783 3975 919 4038 Pheneum]
934 3975 1092 4039 Populorum
1114 3972 1235 4034 Corcyrae

179 4060 191 4093 ¹³
208 4058 366 4120 causticam]
382 4055 521 4121 Κρήδεμνον,
532 4055 600 4119 apud
617 4055 672 4104 Ho-
713 4055 813 4118 insulae,
829 4049 920 4118 quibus
939 4050 1084 4116 imperabat
1102 4065 1147 4100 rex
1165 4048 1235 4098 Alci·

146 4151 254 4198 mersum,
273 4133 342 4198 quod
371 4135 557 4196 iuterpretatur
581 4131 672 4179 Eusta-
712 4144 782 4180 nous.

146 4212 214 4263 thius
233 4212 265 4262 ad
282 4209 357 4260 Iliad.
372 4223 429 4259 xrv.
447 4207 557 4270 Κεφαλῆς
566 4205 673 4266 κάλυμμα
