2988 4902
271 363 335 430 884
456 416 462 427 .
533 357 1101 420 soucununnrunuvunsmuus

274 521 336 574 belli
352 514 590 584 specieranedam.
623 510 702 562 Humi
718 521 832 572 pepones
851 511 904 554 tres
922 501 1058 566 aquatiles.
1100 497 1142 548 Ad
1162 497 1230 546 latus
1250 495 1363 544 alterum

274 617 318 654 rar
330 599 442 662 amplum
453 594 552 648 Graecis
561 591 659 646 aaron
670 589 752 642 literis
764 584 922 649 insignitum,
932 583 1023 648 quibos
1032 578 1178 645 putatAnt.
1188 576 1260 642 expl.
1272 583 1365 628 errator

273 677 409 746 opinari
420 673 576 737 oaobatlson,
584 671 654 738 quod
664 671 776 734 amplum
787 671 871 727 annm,
882 677 964 728 eoque
975 661 1084 715 indicari
1102 657 1241 712 ineundus
1253 658 1311 722 jam
1322 669 1364 709 co·

273 761 337 813 lices
349 759 375 810 lu
383 757 517 810 mutuos.

669 897 969 946 turnasulollon.

361 1000 530 1064 Fontanus
543 1000 672 1076 latices,
687 1003 721 1064 et
734 998 849 1064 lucida
862 998 985 1084 pocula
994 993 1081 1060 vitro
1131 1042 1134 1048 ·

406 1099 524 1176 Gema,
538 1104 575 1162 ut
588 1099 736 1163 demerso
749 1100 891 1164 torridus
902 1119 959 1162 ore
969 1097 1064 1174 bibat

363 1201 498 1266 AEtemo
511 1200 601 1282 regui
614 1201 765 1280 signatus
775 1201 908 1264 nomine
918 1199 1062 1264 mensis:

405 1301 537 1365 Latona
550 1299 695 1380 genitam
707 1318 776 1382 quo
790 1299 964 1382 perhibent
974 1297 1139 1364 Hecaten.

768 1448 875 1499 NOTAE

310 1543 509 1606 ttAEternoregai
519 1541 800 1607 mniuunperatoris
840 1557 861 1594 1.
887 1544 1023 1595 Fastorum
1047 1541 1139 1606 Epigr.
1167 1554 1200 1587 ex
1221 1537 1365 1602 Symmachi

279 1619 391 1684 Augusti
417 1619 529 1682 nomine,
548 1618 681 1682 Angrrstns
706 1621 800 1682 dictus,
841 1619 926 1681 Epist.
937 1632 976 1667 av.
994 1618 1026 1667 ad
1038 1616 1137 1666 Aaron.
1154 1614 1238 1663 ‘Cum
1256 1619 1364 1662 aeterno·

281 1709 339 1746 cum
350 1701 427 1744 autea
436 1693 543 1746 sextius
554 1693 739 1757 appellaretur.
756 1697 801 1744 AE·
840 1709 895 1746 rum
908 1691 1115 1760 principunjun
1127 1689 1229 1755 pridem
1242 1688 1314 1752 sigua
1323 1700 1365 1736 co·
1444 1687 1445 1694 ’

281 1770 359 1834 terno]
382 1771 509 1820 Romanoa
531 1769 660 1834 principes
684 1769 801 1821 AEteruns
840 1768 965 1822 mltarcr.’

281 1851 442 1912 nuncupator
453 1844 532 1895 fuisse
546 1845 640 1908 probat
650 1844 758 1896 Vinctus
769 1845 800 1894 ad

672 2023 713 2074 IN
732 2023 985 2074 supremitate.

313 2137 503 2188 Smamaaenr
514 2136 552 2186 vir
562 2137 644 2188 nudus
653 2138 774 2202 exprimit
786 2143 931 2201 gestantem
941 2138 1045 2187 homero
1056 2133 1186 2199 palliolum
1196 2148 1205 2195 ς
1220 2133 1287 2182 lara
1298 2137 1368 2182 tenet

283 2217 407 2266 lacertam
418 2214 532 2266 funiculo
542 2217 648 2279 ligatam
660 2225 687 2266 ct
698 2216 821 2280 expedire
829 2231 859 2266 sc
870 2221 1013 2268 conantem.
1044 2212 1087 2264 Ad
1104 2211 1184 2278 peden
1195 2211 1315 2262 uidentur
1325 2211 1368 2262 do·

284 2295 319 2345 lia
330 2293 381 2352 dno
391 2309 454 2346 uvas
466 2303 614 2360 exceptura.

675 2435 975 2485 TETRASTIOHON.

372 2541 545 2621 Surgentes
562 2539 675 2603 acinos
686 2540 808 2613 varios,
825 2545 860 2600 et
874 2542 1038 2619 praeconat
1052 2555 1136 2601 uvas

416 2641 617 2722 September,
630 2640 691 2703 snb
706 2657 774 2720 quo
784 2636 879 2700 mitia
889 2656 991 2718 poma
1001 2639 1127 2720 jacent,

371 2742 546 2824 Captivam
560 2739 618 2804 filo
631 2739 778 2821 gaudens
793 2739 949 2820 religasse
962 2740 1133 2816 lacertam,

415 2842 502 2922 Quae
517 2860 679 2925 suspenso.
691 2860 790 2906 manu
804 2840 916 2904 nobile
925 2839 1011 2908 ludit
1026 2859 1123 2926 opus.

774 3005 879 3057 Nom

319 3109 334 3154 1
355 3103 449 3166 Verior]
464 3103 507 3152 lta
520 3103 636 3154 Vinctus.
661 3103 811 3156 lambecius
851 3102 1092 3167 bantvuluptatcm.

290 3194 361 3240 vero,
375 3177 429 3229 Jor.
447 3178 542 3241 Scalig.
554 3187 582 3227 et
593 3178 811 3242 AEgld.Bnclreri-
882 3182 898 3227 4
916 3178 1013 3242 Nobile]
1049 3177 1211 3241 iampridem
1230 3179 1371 3242 suspicatus

290 3269 333 3302 urn
344 3268 359 3302 e
369 3253 396 3302 S.
407 3253 433 3304 J.
445 3259 547 3302 secutus
562 3253 642 3316 legit:
661 3254 756 3316 ricinos,
771 3269 812 3304 nu·
850 3252 947 3304 luerem
958 3253 1096 3317 legendum
1105 3253 1197 3308 misse.
1211 3255 1282 3308 Quid
1290 3255 1371 3304 enim?

289 3332 339 3376 rins
350 3333 374 3376 et
382 3333 496 3390 marcent
507 3343 571 3378 anns.
591 3328 741 3392 Elegantius
754 3343 811 3392 pro·
852 3329 893 3379 An
909 3329 970 3380 ludo
985 3331 1028 3380 illo
1046 3330 1144 3382 nobiles
1155 3330 1202 3382 soll
1213 3329 1371 3382 delectaban-

289 3401 370 3450 t'ecto·
852 3406 911 3454 turi
944 3403 1372 3470 Conjectnraet'aretquodBurhe·

322 3476 609 3539 annumerare]
634 3477 722 3527 Genus
739 3491 811 3540 spec·
853 3482 918 3530 rium
938 3481 1014 3530 rideo
1031 3482 1158 3544 reperisse
1176 3481 1204 3529 in
1225 3494 1271 3529 suo
1287 3478 1371 3528 codice

289 3549 812 3617 taculiquorumdelectnbantnrrlncer·
854 3555 906 3625 ψ.
919 3555 1011 3606 mobile.
1043 3557 1126 3607 Quem
1145 3555 1282 3606 lectionem
1300 3552 1373 3601 docet

292 3638 344 3681 tam
356 3641 431 3679 crore
444 3626 553 3675 vinctam
564 3626 627 3675 etin
639 3627 814 3690 aircsnspen·
854 3641 896 3678 me
919 3629 1070 3680 lambecius
1088 3629 1177 3678 itidem
1200 3642 1328 3692 apparere
1348 3628 1373 3675 in

293 3724 346 3758 sam
360 3705 491 3766 tenebant,
504 3710 580 3768 atque
598 3717 631 3754 ex
650 3703 705 3753 nisu
723 3718 813 3768 quase
853 3712 1015 3769 syntagmate
1027 3707 1156 3769 Epigram.
1176 3712 1204 3755 ct
1220 3704 1311 3756 Poem.
1325 3704 1374 3752 Vc·

294 3783 412 3834 tentabat
430 3779 564 3843 expedire,
583 3793 704 3830 summam
727 3777 814 3840 capic·
854 3785 947 3844 tarum,
958 3781 1065 3832 Parisiis
1077 3781 1242 3834 169⁰.edito.

699 3959 742 4010 IN
760 3957 968 4010 OCTOBREM.

326 4057 459 4108 Ocroaan
471 4053 563 4116 nudus,
574 4054 653 4118 pallio
664 4061 734 4106 retro
745 4037 880 4115 volitante,
898 4051 990 4103 dextra
1001 4029 1127 4118 Leporem
1138 4058 1219 4116 tenet,
1236 4055 1373 4119 levamque

243 4179 247 4188 ,
292 4136 320 4186 iu
331 4137 471 4186 canistrum
482 4136 571 4198 ingens
584 4135 720 4184 vimineum
731 4133 857 4182 immittit.
872 4132 957 4196 Supra
967 4140 1047 4197 caput
1057 4133 1195 4186 fasciculus
1207 4148 1293 4197 panno
1305 4149 1374 4198 oper·

298 4222 339 4264 tos
351 4215 393 4263 cui
404 4214 457 4263 avis
469 4214 572 4265 insidet.
603 4213 644 4263 Ad
656 4214 736 4278 pedes
746 4214 805 4262 lanx
816 4212 943 4262 fructibus
954 4212 1059 4264 referta.
