3000 4882
511 354 664 405 ruscum
690 357 899 408 runroonrn.
1172 345 1235 410 811.

145 493 299 562 ultimum
312 496 387 562 luit.
428 496 460 562 2.
485 497 576 564 Nam
591 501 621 565 si
635 500 723 566 ratio
737 500 887 584 putanda
901 507 954 567 est
975 503 1236 586 oppugnationis

144 599 317 677 decennis,
332 619 436 664 nonus
451 600 653 681 fercannus,
680 603 842 687 idemque
862 622 966 688 prope
988 604 1087 668 finem
1106 606 1171 683 sui,
1196 626 1237 671 ea

144 700 281 783 negotia
294 701 489 780 continebit,
504 722 582 787 quar
598 705 641 768 ab
663 704 785 789 injuria
798 702 1081 787 Agamemnonis‚¹³
1102 727 1142 772 ac
1165 707 1238 772 Bri-

146 803 249 867 seidis
263 804 491 886 usurpatione,
506 824 610 889 usqne
624 807 666 870 ad
679 806 780 871 sunus
795 806 973 871 Hectoris⁰
994 807 1093 890 digna
1114 829 1238 875 merno-

144 909 218 968 ratn
244 910 358 970 erunt:
381 905 449 990 gilla
470 915 679 990 temporum¹
704 910 818 986 series,
834 929 909 992 qnae
929 911 972 975 ab
987 909 1134 994 ejusdem
1158 912 1237 977 belli

146 1007 272 1084 causis,
287 1014 389 1091 atque
400 1009 536 1090 origine,
550 1009 714 1092 pertinent
727 1009 770 1074 ad
784 1010 878 1074 urbis·
889 1010 1083 1075 excidium.‘¹
1125 1011 1157 1076 3.
1172 1011 1237 1078 At·

145 1109 203 1191 qui
218 1127 262 1172 ex
281 1128 322 1174 eo
345 1111 483 1188 eveniet,
497 1118 534 1175 ut
548 1111 674 1193 ignaris
694 1111 883 1196 J'ndioandi,
898 1119 932 1177 et
946 1111 1090 1196 poeticae
1104 1133 1237 1178 oeeono-

144 1211 223 1276 miee
238 1213 483 1296 expertibu3‚²⁰
503 1213 610 1281 multa
623 1215 751 1279 nobilia
765 1215 808 1278 ab
821 1214 964 1279 exordio
977 1214 1060 1279 belli
1070 1234 1179 1299 usque
1193 1216 1236 1282 ad

145 1311 292 1379 Achillis
308 1313 456 1398 jurgium
480 1316 608 1381 omissa
625 1317 809 1382 videantur.
854 1314 929 1380 Nec
952 1317 1061 1380 minus
1076 1316 1236 1382 multaab

145 1414 308 1480 Hectoris
322 1416 439 1482 sunere
455 1417 619 1501 adusque
634 1418 785 1493 deletum
794 1416 905 1481 Ilium.
937 1413 1088 1494 Quomm
1101 1417 1237 1501 quidem

145 1517 294 1582 maxima
309 1520 498 1602 expectatio
512 1523 596 1598 erat,
610 1526 749 1602 proptor
765 1523 832 1583 tam
846 1519 938 1600 longi
954 1519 1142 1586 certaminis
1156 1537 1240 1584 con--

139 1713 194 1774 sere
213 1721 351 1766 extremum.
386 1717 482 1768 Etenim
498 1717 520 1766 si
537 1718 682 1768 molucrum
693 1724 728 1768 est
738 1718 800 1768 ratio
811 1717 895 1767 obsidii
905 1719 1043 1777 decennalis,
1058 1735 1134 1768 unaue
1140 1719 1236 1768 circiter

145 1795 229 1841 emtus,
240 1783 341 1844 ripaeis
355 1795 427 1844 prope
444 1787 572 1841 extremus,
587 1784 752 1845 complectetur
770 1797 809 1831 eus
827 1796 865 1831 res
882 1797 933 1845 qaoe
949 1789 1017 1832 ertttd
1031 1784 1111 1845 dignes
1121 1785 1197 1832 reluta
1207 1782 1237 1831 od

144 1843 234 1904 irritatio
254 1846 435 1907 Agamemnonis
452 1847 479 1896 itt
494 1846 620 1908 Achillem,
639 1851 663 1894 et
680 1851 752 1910 mpla
767 1846 888 1896 Briseidis
897 1860 968 1910 esque
982 1849 1013 1896 od
1023 1847 1099 1907 feras
1109 1847 1236 1897 Hectoris:
1306 1865 1309 1870 ·

143 1910 200 1958 ordo
219 1915 297 1959 cutem
314 1911 426 1972 temporis
446 1925 473 1959 ee
488 1911 592 1960 continet
609 1925 660 1974 pac
679 1913 838 1960 extenduntur
851 1926 866 1959 c
881 1912 966 1974 masis,
977 1916 1001 1960 et
1009 1912 1125 1974 principio
1135 1913 1237 1975 ejusdm

144 1971 209 2034 delii,
218 1989 289 2036 usque
298 1978 329 2023 ud
339 1975 480 2024 eversionem
496 1974 569 2024 urhis.
601 1975 637 2023 Ar
646 1974 754 2052 iadejiet
768 1981 795 2024 ut
805 1977 824 2024 ii
835 1976 875 2038 pei
884 1975 1116 2038 imperitejuetcant,
1134 1981 1159 2024 et
1168 1976 1235 2037 igrio-

145 2043 204 2086 rost
211 2037 400 2088 distributionem
409 2039 533 2102 po'e'tt'cum,
548 2044 630 2103 petent
643 2041 747 2102 plurimo
762 2039 824 2088 scitu
842 2040 924 2102 elgar,
934 2055 987 2102 qeoe
997 2045 1120 2088 creuerant
1131 2041 1159 2089 ab
1169 2039 1238 2088 irritio

146 2099 201 2150 delli
214 2117 287 2166 esque
297 2103 418 2152 adrixom
434 2103 543 2163 Achillis,
552 2103 629 2164 feisse
645 2103 814 2166 proetermieso.
849 2105 928 2166 Neque
943 2103 1056 2166 premere
1071 2103 1143 2152 etium
1153 2103 1238 2154 oraim

145 2179 195 2216 eree
210 2167 325 2227 aserere
340 2167 453 2217 Hectoris
468 2182 540 2231 usque
557 2169 588 2217 od
604 2168 721 2217 acidiam
741 2167 836 2229 lirim
851 2161 947 2230 qaorum
963 2169 1057 2232 quidem
1071 2182 1162 2217 summo
1181 2173 1234 2218 erut

602 2325 781 2347 oeconomo

177 2443 191 2489 1
210 2439 285 2504 Legit
301 2441 461 2492 Gronovius:
477 2442 720 2507 noeillatemporttm.
736 2441 896 2495 Vidini-a
915 2445 948 2494 lit
959 2443 1155 2507 ccoaomioeexp·
1165 2443 1235 2506 vulg.

637 2607 743 2659 NO'I'AE

177 2716 190 2750 ¹³
206 2717 243 2766 Ab
259 2717 348 2779 injurio
358 2718 550 2782 Agamemnonis]
564 2718 627 2768 Non
638 2719 670 2768 ab
743 2721 870 2770 ⁰Po'e‘ticoe
879 2721 1009 2770 oecoromioe
1016 2718 1160 2782 expertibus]
1175 2717 1237 2766 ‘OE·

144 2793 339 2860 Agamemnone
358 2804 476 2859 accepta,
494 2797 538 2844 sed
554 2795 587 2844 ab
598 2809 629 2844 co
640 2796 669 2844 il·
711 2796 943 2860 conomiam‚'verti
952 2795 1166 2844 distributionem.
1178 2793 1237 2842 Vox

144 2873 198 2921 lata
218 2869 330 2933 Achilli;
353 2871 419 2920 uncle
440 2870 549 2920 Iliadem
569 2869 671 2921 orditur
711 2877 796 2920 tamen
807 2871 969 2932 illa,arebus
979 2869 1124 2918 domesticis
1132 2869 1165 2917 ad
1177 2869 1237 2932 poe'·

144 2945 285 2996 Homeros.
710 2962 753 2996 ma
763 2947 897 3008 translata,
907 2962 957 2996 non
965 2945 1170 2996 distributionem
1181 2950 1237 2994 tan·

177 3029 189 3055 ⁸
208 3021 284 3085 Usque
293 3021 405 3084 adserto
416 3021 539 3084 Hectoris]
561 3021 614 3071 Ubi
626 3021 669 3070 de·
711 3029 764 3070 turn
776 3036 823 3070 seu
831 3022 1010 3085 partitionem,
1025 3020 1071 3070 sed
1081 3019 1157 3070 ctiam
1164 3019 1236 3084 judi·

144 3095 290 3146 siriitllias.
709 3097 786 3161 cium,
807 3096 931 3155 ordinem,
954 3109 1063 3161 queque
1085 3095 1237 3146 elocutionis

177 3169 190 3204 ἃ
207 3171 255 3222 liin
266 3176 393 3234 temporum
402 3173 483 3235 series,
498 3188 549 3236 prtoe
567 3172 596 3221 ot
610 3173 670 3234 ejus·
710 3180 779 3234 sunt,
789 3172 979 3236 complectitur,
989 3177 1057 3221 teste
1067 3171 1236 3224 Quintiliano.

144 3246 430 3312 mediocritatemque
440 3248 671 3312 ragimpertum
709 3249 805 3298 Verum
817 3264 832 3297 a
842 3247 936 3312 potiori
948 3257 1021 3312 parte
1030 3247 1237 3299 distributionem

144 3325 175 3372 od
185 3322 250 3372 ardis
260 3324 388 3386 excidium]
404 3324 503 3374 Horum
515 3338 604 3374 sensus
616 3324 670 3372 nnl·
710 3324 785 3386 verti,
802 3339 860 3374 cum
879 3338 930 3373 non
946 3329 1071 3388 suppetat
1082 3338 1131 3373 vox
1147 3325 1239 3374 batim

143 3399 184 3448 lus
195 3406 314 3463 apparet.
330 3398 449 3462 Praefigit
457 3399 603 3450 Gronovius
612 3413 671 3463 par·
711 3415 769 3465 quaa
780 3406 861 3450 totam
870 3399 938 3449 illius
947 3399 999 3450 vim
1007 3400 1146 3464 exprimat.
1161 3400 1238 3451 Hauc

143 3475 250 3526 ticulum
261 3491 316 3539 rica,
331 3484 361 3526 ut
378 3492 480 3526 sensum
497 3479 609 3542 aliquem
627 3478 671 3527 eli·
710 3476 738 3524 in
750 3476 864 3525 Homero
872 3475 1147 3537 OEconomiamlputlat
1156 3477 1238 3526 flon-

143 3555 205 3620 ctat,
221 3556 335 3620 tegitque
345 3571 392 3606 rtort
401 3556 444 3606 illu
453 3561 583 3619 temporum
592 3557 673 3619 series,
712 3552 763 3601 tius
774 3552 820 3601 lib.
829 3551 862 3600 de
872 3550 935 3600 Arte
944 3542 1098 3600 Poiitieahis
1106 3551 1238 3604 versibus:

144 3635 188 3696 ise.
219 3632 270 3682 Sed
283 3647 367 3698 neque
379 3633 417 3683 sic
428 3633 555 3682 sententia
566 3634 626 3683 mihi
637 3635 673 3682 vi·
711 3628 1005 3692 ‘Necgcnrinobellum
1016 3627 1237 3690 Trojanumordi-

144 3708 223 3758 detur
240 3715 360 3759 constare
378 3715 478 3772 aperta.
511 3709 549 3758 Ut
570 3710 672 3773 planius
711 3713 755 3756 tur
765 3707 798 3756 ab
810 3721 867 3756 ovo.
893 3707 1000 3769 Semper
1011 3705 1044 3754 ad
1056 3711 1175 3754 eventum
1186 3702 1236 3755 fes-

145 3792 174 3836 et
185 3786 300 3849 apertius
312 3785 407 3849 aliquid
419 3784 550 3846 elicerem,
561 3799 608 3847 pro
618 3799 673 3847 prr·
713 3783 789 3844 tinet,
800 3783 863 3832 etin
875 3781 973 3838 medias
986 3794 1035 3840 res,
1052 3781 1111 3830 Non
1121 3795 1195 3830 secus
1206 3795 1237 3832 ac

144 3859 265 3924 littetlegi
275 3860 405 3924 pertinent,
416 3859 673 3924 reposito,qnifacile
713 3865 796 3914 notas,
814 3857 955 3907 auditorem
967 3856 1050 3918 rapit:
1068 3862 1096 3905 et
1113 3871 1170 3921 quer
1183 3857 1237 3906 De·

146 3950 161 3985 a
172 3936 283 3985 librariis
294 3936 379 3986 omitti
390 3936 483 4000 potuit,
501 3935 577 3984 titulo
588 3934 673 3985 indice
713 3940 800 3997 sperat
811 3937 925 3981 tractata
931 3931 1057 3980 nitescere
1068 3945 1153 3993 posse,
1161 3932 1237 3980 relin-

144 4014 188 4062 τοῦ
203 4027 238 4062 rr:
255 4012 422 4077 suppletaque
434 4018 479 4061 aut
491 4012 674 4062 subintellecta
712 4009 777 4072 quit.
810 4007 897 4072 Atque
907 4006 954 4060 ,ita
970 4007 1103 4068 mentitur,
1118 4005 1239 4055 sicceris

146 4103 210 4140 voce
226 4087 376 4144 ‘continet'
392 4095 438 4137 aut
459 4086 557 4150 aliquid
580 4087 671 4148 simile,
711 4082 778 4133 salsa
800 4081 930 4141 remiscet,
952 4080 1039 4128 Primo
1061 4095 1095 4129 ne
1117 4081 1241 4144 medium,

146 4172 175 4213 ut
187 4163 221 4213 sit
232 4178 321 4215 seusus
332 4178 408 4228 quent
417 4160 443 4211 in
451 4159 671 4226 Interpretatione
712 4157 797 4214 medio
806 4172 839 4207 ne
851 4157 980 4220 discrepet
992 4154 1089 4205 imum’

145 4252 269 4306 expressi.
