3016 4894
284 339 351 408 654
751 346 906 400 ausonrr

288 495 501 562 Historiam:
524 511 717 578 quanquam
731 492 829 558 titulo
842 511 911 556 non
925 490 1027 573 digna
1041 507 1157 554 sereno

286 597 403 662 Anxia
415 602 608 662 moestarum
623 595 720 660 fuerit
734 594 941 679 querimonia
954 611 1073 656 rerum.

285 699 309 764 J
311 718 366 763 am
379 718 480 780 snper
493 695 629 780 egelidae
644 696 834 777 stagnantia
849 702 941 776 terga
957 692 1116 757 Mosellae

287 799 475 864 Protulerat
486 803 529 876 tc,
543 805 633 874 nete,
647 801 757 861 rates:
779 797 960 880 moestique
974 795 1124 877 parentis

288 899 417 965 Oscula
429 906 464 964 et
477 899 652 983 amplexus
667 898 873 962 discreverat
885 895 1018 962 invidus
1034 893 1156 959 amnis.

288 1001 390 1066 Solus
402 1021 485 1083 cg03
508 1007 545 1064 et
558 999 711 1083 quamvis
725 1005 819 1062 coetu
833 997 1024 1061 celebratus
1040 994 1162 1072 amico,

288 1104 390 1168 Solus
404 1122 515 1168 eram:
538 1100 756 1184 prosugaeqna
771 1098 893 1162 dabam
906 1099 966 1181 pia
981 1105 1062 1163 vota
1075 1095 1207 1172 carinae,

288 1204 390 1268 Solus
404 1203 513 1267 adhuc
528 1208 573 1278 te,
587 1206 676 1278 nate,
692 1198 827 1262 videns:
848 1198 1028 1281 colerisque
1039 1197 1179 1262 remulci

287 1367 425 1417 Maiam:
441 1367 547 1430 quana&
555 1365 648 1414 sebnia
657 1367 749 1428 qima
759 1364 865 1414 tridium
879 1378 957 1412 reram
975 1378 1021 1412 non
1037 1365 1154 1410 menter
1169 1360 1288 1424 placidam
1296 1376 1382 1410 nomen

287 1431 401 1480 Morta.
432 1433 490 1480 Jam
499 1430 567 1479 acab
582 1436 607 1478 ts
624 1434 772 1492 macerer,
789 1444 802 1476 o
814 1428 866 1493 fili,
880 1443 949 1490 saper
964 1428 1015 1474 lenc
1026 1426 1146 1488 flueren
1157 1425 1251 1486 frigidi
1261 1426 1383 1474 bimum:

287 1499 312 1543 et
318 1494 415 1558 'fissia
427 1493 522 1543 incidas
529 1497 678 1557 manumet
687 1494 774 1553 meatu,
788 1497 814 1541 ct
823 1493 955 1554 complectis
963 1491 1042 1539 tristis
1048 1489 1166 1550 genitoris
1174 1490 1221 1539 tei.
1253 1491 1307 1550 Ego
1317 1491 1382 1537 solas

287 1572 351 1606 mm
359 1574 370 1616 ‚·
385 1563 409 1606 ct
418 1573 547 1621 quanquam
557 1557 681 1606 omarus
690 1571 762 1606 essem
772 1557 841 1606 urbe
851 1557 987 1610 amicorum,
1002 1553 1063 1601 solas
1073 1558 1151 1602 tamen
1162 1567 1243 1610 erum
1259 1557 1283 1600 ct
1299 1567 1382 1616 prosc·

286 1620 808 1685 mmmsngitimrntcmpiisnotis,
822 1617 1133 1682 sdmndbacnrpicieaste,
1150 1617 1233 1681 ofili:
1249 1622 1273 1666 ct
1288 1617 1383 1666 istm

779 1748 885 1799 NOTAE

319 1847 335 1878 '
347 1847 431 1899 Quam
443 1848 485 1912 pio
496 1861 558 1911 erga
572 1851 705 1911 parentem
717 1843 813 1897 affectu
854 1842 968 1892 Ausonio
980 1856 1118 1906 supparem
1135 1839 1215 1891 fuisse
1232 1841 1274 1892 vel
1289 1841 1332 1892 bic
1350 1843 1384 1892 ti·

288 1921 372 1974 Pota
393 1923 521 1986 extiterit,
535 1924 613 1987 prior
635 1924 752 1986 Epistola
768 1920 812 1970 do·
854 1918 1036 1969 tulnsindicat.

288 1998 357 2048 cuit:
374 2003 485 2048 teitaun
503 1999 561 2048 baec
580 2013 657 2064 qnam
679 2004 770 2048 tenero
786 1998 813 2046 in
884 1997 924 2044 Ad
943 1994 1038 2060 filiam]
1059 1994 1224 2057 Hesperium,
1250 2000 1280 2044 ut
1305 2001 1380 2058 puto.

287 2071 368 2124 tilium
379 2072 476 2124 affectu
494 2071 582 2124 inerit.
615 2074 733 2138 Utraque
749 2087 812 2122 nun·
854 2069 924 2118 Puer
934 2068 1002 2118 enim
1019 2077 1136 2118 mortuus
1154 2067 1296 2118 eratfilius
1312 2072 1382 2118 alter

288 2161 365 2212 qnam
383 2149 446 2197 satis
462 2148 583 2210 legenda,
601 2155 629 2198 et
646 2163 703 2212 ques
721 2147 813 2210 prodat
852 2144 991 2195 Ausonius.

287 2221 535 2285 Aneoniijudiciunr,
553 2221 613 2271 dum
631 2221 738 2286 affectas
749 2237 813 2287 qnos
885 2219 1034 2283 Temporibus
1044 2221 1185 2284 tyrannicis]
1195 2221 1255 2270 Non
1265 2220 1316 2269 alia
1323 2235 1383 2284 pos·

288 2296 381 2346 debuit
398 2295 436 2346 sic
456 2297 592 2360 expressit,
609 2302 639 2345 ut
649 2303 741 2346 natura
757 2297 814 2359 ipsa
854 2309 910 2344 snm
920 2295 963 2344 bic
973 2296 1119 2359 intelligere
1135 2305 1253 2358 tempora
1264 2297 1381 2359 tyranni-

286 2373 359 2435 loqui
371 2370 498 2420 rideatur.
530 2370 562 2419 In
573 2371 621 2420 bac
638 2372 696 2435 plns
713 2371 812 2435 virium,
853 2385 894 2434 ca,
904 2386 980 2434 qnam
991 2385 1023 2420 ca
1038 2371 1130 2435 quibus
1146 2371 1286 2434 Maximus,
1303 2386 1380 2422 occu·

287 2446 315 2495 in
325 2445 372 2494 illa
389 2445 446 2508 plns
464 2445 570 2508 ingenui
586 2447 713 2496 candoris.
746 2446 813 2496 Haec
854 2445 1145 2508 pataapndBritannos
1156 2445 1303 2509 tyrannide,
1314 2446 1380 2496 Gra-

286 2520 345 2586 ptus
356 2519 434 2568 babet
444 2519 625 2569 teneritudinis
635 2521 719 2569 anxie
727 2519 815 2586 (abest
853 2521 948 2568 tlannm
961 2519 1023 2570 vicit
1033 2520 1059 2569 in
1071 2521 1166 2584 Gallia,
1176 2528 1333 2586 captumque
1343 2523 1381 2572 iu·

288 2595 356 2645 enim
368 2609 414 2644 sua
432 2609 495 2645 cnra
505 2595 675 2658 Hesperides)
691 2596 738 2645 illa
756 2598 813 2660 plns
852 2594 967 2645 terserit.

287 2671 470 2720 venerationis.
632 2719 635 2722 ,
884 2669 951 2732 lpse]
962 2671 1044 2719 Pater
1054 2668 1192 2723 Ausonius.

319 2747 343 2795 E
364 2745 483 2795 carminis
503 2743 590 2807 titulo,
609 2744 654 2794 ubi
676 2746 762 2809 agitur
781 2745 813 2794 da
885 2746 967 2809 Neque
983 2745 1116 2810 impletam]
1135 2747 1258 2798 Nondum
1279 2749 1380 2813 perfec·

287 2821 429 2886 temporibus
445 2820 576 2884 marannis
593 2821 718 2884 coliigunt
735 2822 814 2870 Vine·
853 2825 918 2872 tum.
1310 2837 1314 2846 ·

287 2895 814 2956 tusctnoster‚TreveriscarmenabAn·
885 2897 1379 2963 Detitsrnriis]Siclcge,nonliterariis.

288 2973 360 3022 aonio
382 2973 516 3037 scriptum,
540 2973 633 3036 quibus
655 2973 813 3036 temporibus
854 2973 988 3036 Liturarii,
1009 2979 1039 3022 ut
1056 2973 1112 3037 jam
1135 2975 1328 3026 observavimus
1347 2977 1379 3026 sd

287 3053 414 3111 occupata
426 3049 562 3111 tyrannide
572 3049 701 3097 Maximus
711 3047 814 3098 Gratia·
854 3047 1040 3098 Prsiationem
1052 3049 1176 3100 Centenis
1195 3052 1229 3100 ad
1248 3051 1304 3101 baec
1324 3067 1380 3100 ver·

287 3136 349 3172 num
360 3121 470 3174 interfici
477 3123 565 3186 jussit.
597 3124 655 3174 Qua
670 3123 813 3187 occasione,
854 3126 897 3188 ba,
923 3125 1001 3175 ‘Hoc
1020 3126 1061 3175 die
1082 3142 1141 3190 nuo,
1161 3135 1190 3178 et
1207 3130 1295 3180 addita
1309 3131 1380 3181 incu-

288 3211 339 3261 quo
351 3211 417 3246 anno
429 3198 563 3259 scriptum,
574 3197 659 3246 silent.
692 3198 815 3261 Suspicor
853 3201 971 3251 bratione
984 3211 1159 3267 properatum,
1170 3204 1246 3255 modo
1267 3206 1336 3254 inter
1350 3208 1379 3256 li·

287 3271 321 3320 ad
352 3285 445 3320 annum
473 3275 529 3320 384.
558 3270 732 3332 referendum,
762 3289 813 3338 quo
855 3275 1217 3341 turarioscumreperissem,’
1236 3283 1379 3332 suntclrar-

288 3344 432 3408 Hesperius
443 3346 562 3396 Treveris
574 3347 681 3396 Romam
691 3362 707 3396 a
717 3350 813 3398 Valen-
853 3356 887 3400 tte
898 3350 925 3398 in
936 3349 1027 3414 quibus
1037 3352 1120 3416 prima
1130 3355 1278 3418 scriptionis
1288 3366 1380 3408 nostrae

289 3419 386 3471 tiniano
405 3424 429 3472 2.
446 3421 538 3470 missus
556 3420 624 3471 fuit:
644 3421 687 3487 qni
706 3423 814 3474 crimine
853 3432 980 3489 concepta
1000 3429 1189 3489 perscribimus.
1222 3432 1297 3495 Qun,
1318 3448 1378 3497 quo-

288 3494 440 3558 Symmacho
451 3502 506 3544 turn
517 3498 605 3546 Romae
617 3498 702 3561 agenti
712 3498 813 3562 objecta
853 3501 919 3550 niam
932 3500 1028 3551 crebris
1046 3503 1140 3554 lituris⁴
1149 3519 1246 3570 eornm,
1259 3523 1317 3572 quae
1329 3508 1379 3558 dis·

287 3577 464 3634 cognosceret.
498 3573 577 3622 Certe
591 3574 757 3637 Symmachus
768 3576 811 3626 lib.
853 3577 1009 3640 plicuerunt,
1026 3579 1110 3641 plena
1122 3587 1191 3641 sunt,
1202 3581 1313 3631 liturarii
1330 3596 1379 3632 uon

286 3659 316 3696 x.
328 3646 412 3708 Epist.
422 3650 463 3696 ta.
480 3645 528 3695 sibi
539 3649 692 3711 gratulatur,
708 3650 812 3700 ‘contu
852 3651 944 3700 malea
957 3652 1053 3701 Nostro
1065 3656 1237 3716 appellantur.

286 3721 421 3771 meliarum
431 3737 494 3786 quas
513 3723 640 3786 pertulit,'
659 3731 753 3775 testem
769 3727 812 3776 ba·
884 3730 899 3774 2
918 3727 1068 3792 Quanquam]
1082 3729 1225 3782 correctio.

196 3859 200 3866 ι
287 3797 349 3847 bere
367 3798 488 3847 comitem
500 3799 665 3863 Hesperium,
682 3803 724 3866 qui
746 3817 812 3852 sem·
883 3801 1073 3866 assumunt]
1091 3805 1155 3854 Tam
1173 3806 1276 3870 placide
1293 3806 1379 3856 laben·

287 3885 335 3934 pcr
346 3871 443 3921 amicus
454 3879 523 3922 esset
538 3875 652 3939 veritati,
671 3882 699 3925 et
718 3875 812 3927 famant
853 3875 899 3939 ris,
911 3884 940 3927 nt
951 3885 1072 3941 stagnare·
1085 3881 1230 3932 videantur.

286 3945 411 3996 bonorum
422 3948 528 3999 coleret.
883 3954 899 3998 i
917 3953 984 4000 Goetu
1002 3954 1088 4019 ambo]
1106 3953 1181 4004 Contu
1202 3961 1267 4019 puta
1284 3957 1376 4006 amico·

319 4021 396 4071 Pater
405 4024 529 4088 adfiliatis,
546 4025 600 4088 ba]
618 4025 670 4074 Hic
690 4026 780 4077 titulus
797 4043 813 4076 a
853 4043 909 4076 rum
931 4031 974 4093 qni
992 4030 1073 4080 filium
1093 4033 1231 4084 abeu'ntem
1252 4048 1301 4083 una
1320 4043 1376 4084 cuin

287 4107 363 4142 mann
376 4103 417 4146 est
433 4096 512 4160 illius,
531 4099 573 4164 qui
592 4099 739 4150 Ausoniana
750 4101 812 4164 poii-
853 4111 927 4168 patre
941 4107 1068 4166 prosecuti
1081 4113 1161 4156 eraut.

287 4175 357 4219 mata
375 4171 402 4219 in
418 4173 534 4225 ordinem
549 4174 666 4238 digessit,
676 4188 752 4238 quem
763 4175 812 4240 ipsi
885 4181 901 4227 9
922 4179 1038 4245 Rmulct]
1057 4183 1194 4235 Romuleus
1217 4184 1322 4248 proprie
1339 4191 1376 4233 est
