3016 4894
766 385 924 440 Ausonii

468 535 557 600 Dico
573 533 660 599 huno
676 531 792 599 Sensti
805 533 992 618 praesulem,

466 635 666 701 Praeseotum
681 635 831 713 eundem,
841 641 874 700 et
888 634 1080 713 Consulem,

465 734 574 820 (Nem
591 735 717 802 Consul
731 743 887 802 oeternum
902 734 1009 821 eluet)

468 836 641 922 Gollogem
656 837 799 920 Augusti
813 837 981 916 Consulis,

469 938 631 1004 Golumeu
646 939 771 1004 curulis
786 939 959 1016 Romulae,

470 1041 619 1106 Primum
633 1042 666 1105 in
681 1039 838 1105 secundis
852 1039 1014 1104 susoibue
1031 1109 1033 1114 ,

471 1142 562 1208 Nam
577 1143 704 1228 primus
718 1162 737 1206 e
751 1143 882 1208 eunetis
898 1141 960 1206 orit

471 1243 608 1321 Consul,
623 1242 791 1308 secundus
805 1243 960 1327 principi.

472 1343 595 1411 Generi
610 1345 666 1409 hic
680 1350 851 1427 superstes
866 1362 982 1419 aureo,

473 1448 640 1530 Sutorque
654 1445 761 1530 prolis
775 1463 898 1521 eureee,

302 1640 326 1683 et
336 1647 456 1697 supremus
467 1631 599 1693 Profectus
610 1629 739 1680 Pretorio.
773 1630 847 1679 Here
864 1629 943 1704 loquor
958 1629 1090 1694 prinoipem
1100 1630 1210 1691 Sesotue
1220 1634 1318 1682 asom
1328 1634 1398 1682 Proe
1487 1675 1488 1686 r

298 1700 389 1759 sectum
399 1698 526 1757 Pretorio,
535 1704 559 1746 et
571 1697 694 1745 curulem
713 1696 859 1759 (appelletur
873 1694 935 1743 esim
949 1701 1061 1757 perpetuo
1073 1697 1173 1772 Coml)
1190 1698 1310 1758 Colleguor
1321 1697 1400 1759 lespe-

303 1764 392 1812 tutoris
412 1764 438 1812 in
461 1763 598 1822 Canuleios,
614 1759 719 1820 selorum
741 1759 853 1807 &ruore
870 1758 959 1807 eurulis
977 1761 1051 1823 uter,
1070 1761 1173 1836 primum
1196 1762 1328 1822 Consulem,
1344 1763 1399 1811 lieet

303 1827 387 1876 lubeat
397 1830 491 1876 tostum
499 1797 704 1883 manufesta,
721 1825 762 1886 qui
778 1825 841 1872 esim
856 1825 967 1871 οοοιιιιοὶιοο
978 1828 1014 1873 est
1024 1841 1039 1872 u
1048 1825 1165 1888 principe
1176 1825 1223 1874 erit
1232 1827 1325 1888 primm
1337 1826 1399 1874 Coe-

304 1893 381 1941 rulee
390 1889 503 1940 mutter·
534 1887 758 1952 Hieruperuesrieus
773 1887 978 1951 prestantissimae
994 1889 1121 1952 prosapie,
1136 1894 1159 1939 et
1175 1891 1402 1953 penitorprogesiei
1488 1960 1489 1964 Ἰ

760 2043 943 2068 &mulum

306 2171 381 2215 serto
390 2163 421 2214 etl
430 2165 552 2215 l'snsturu
562 2163 711 2229 Rejensern.
721 2163 912 2214 Goseiouelorem
922 2164 1052 2228 improbet
1058 2161 1162 2215 'l'ollrus
1162 2167 1228 2214 -19
1235 2163 1279 2216 At
1290 2163 1402 2214 Senam

308 2230 373 2280 Cod.
393 2230 516 2292 Tilisnos,
535 2228 629 2279 Senatu
630 2232 694 2278 -et
714 2228 758 2278 Al.
780 2230 883 2279 Gesero
884 2232 981 2279 -29
993 2230 1070 2279 Alter
1090 2230 1249 2280 Vossianus:
1275 2229 1402 2280 Coseiuit

800 2376 907 2429 NO'I'AE

340 2492 373 2539 19
389 2487 486 2550 &solil
506 2487 560 2538 Pro
580 2487 690 2538 Senatus.
713 2483 788 2540 Quod
805 2487 833 2538 iu
872 2488 933 2545 dici,
945 2503 1003 2538 cum
1021 2488 1132 2554 priorem
1151 2493 1304 2553 egnoteeret
1318 2489 1402 2538 solum
1489 2489 1490 2498 ’

307 2563 834 2628 nutritisslilsnonriuilrusquurtedeoliuu-
874 2564 1017 2628 prinoipem
1030 2565 1248 2652 collegarum,
1265 2563 1403 2616 cuieetsri

309 2642 385 2691 trours
397 2640 507 2691 obtinet
873 2638 952 2689 etism
978 2640 1054 2703 priori
1081 2639 1205 2690 Consules
1230 2639 1316 2690 fasces
1342 2655 1402 2692 suos

340 2719 373 2768 to
389 2715 533 2790 Profectum
543 2713 651 2780 andem]
678 2715 757 2765 Urbis
767 2715 834 2767 seili-
874 2715 1069 2766 submittebant.
1103 2715 1156 2766 Hie
1169 2721 1313 2767 repausent
1326 2717 1402 2782 hujus

308 2801 359 2844 eet.
874 2789 936 2855 loci,
945 2806 994 2842 uon
1006 2805 1082 2857 quem
1091 2791 1321 2856 oggeritViuetus.

340 2869 355 2898 '
372 2869 517 2926 Proeseetem
534 2870 640 2931 meur,
658 2872 684 2918 et
701 2865 836 2934 curuum]
907 2867 924 2900 'l
938 2873 970 2920 2⁷
984 2871 1073 2920 Generi
1084 2869 1249 2934 inrepentes
1258 2870 1343 2935 aureo]
1357 2869 1405 2920 Vir

309 2945 411 2995 Probus
421 2959 487 2995 euno
498 2949 554 2996 ttl.
565 2945 661 2996 &usui
672 2946 835 2996 renuntiatus
876 2943 915 2998 cl.
926 2961 970 3012 qur
961 2943 1167 3009 Imperetorum
1180 2945 1313 2995 historiam
1323 2948 1404 3012 serip-

310 3029 361 3080 est,
387 3019 454 3069 uude
475 3026 550 3085 patet
571 3021 613 3070 vel
634 3035 666 3070 eo
686 3021 743 3085 ipso
769 3033 837 3070 enno
876 3022 919 3087 tit,
942 3020 1064 3071 emendet
1085 3021 1187 3083 Germ,
1207 3020 1258 3069 hoe
1276 3021 1405 3072 adductus

310 3096 422 3159 scriptos
443 3093 524 3146 luisse
545 3095 658 3146 lembos.
699 3095 775 3148 Quod
794 3097 838 3146 iti·
876 3096 944 3164 quod
965 3096 1050 3147 Poits
1068 3096 1177 3161 stljiolut
1203 3095 1297 3146 ‘Sutor
1325 3099 1405 3161 prolis

310 3171 369 3220 tlern
389 3169 556 3222 confirmetur
576 3187 651 3221 versu
673 3173 836 3236 posterioret
875 3172 977 3236 snreu,’
993 3179 1118 3238 putetque
1128 3187 1177 3237 per
1187 3171 1304 3223 ‘Generi
1316 3187 1406 3237 snper·

308 3247 392 3297 ‘Nem
404 3247 500 3298 Consul
512 3253 637 3297 eternum
648 3249 734 3297 eluet!
877 3257 929 3300 stes
939 3249 1035 3312 aureo,¹
1043 3248 1105 3298 nilril
1118 3247 1186 3298 uliud
1198 3248 1307 3312 intelligi
1319 3263 1407 3312 posse,

267 3317 269 3326 “
342 3323 837 3386 ²1Nomconsuloetmumeluet]Prae·
877 3337 953 3390 quum
980 3333 1056 3375 natos
1082 3332 1182 3375 maturo
1202 3321 1296 3373 funere
1318 3325 1406 3374 Probo

310 3395 395 3446 iectus
418 3399 557 3461 Pretorio,
576 3399 687 3449 Senatus
707 3405 734 3448 et
756 3399 837 3449 totius
877 3408 992 3465 ereptos.
1008 3400 1077 3451 Vide
1093 3400 1157 3451 Not.
1169 3403 1209 3450 85.
1229 3400 1255 3449 iu
1272 3399 1406 3450 Valentio.

312 3473 468 3523 telioreoeis
479 3481 567 3538 esput,
582 3489 599 3523 s
615 3475 686 3538 enjus
698 3475 836 3524 sententiis
876 3473 899 3528 1.
922 3478 1063 3541 Repugnat
1082 3480 1153 3526 certe
1174 3490 1222 3541 per
1243 3479 1251 3505 ‘
1261 3491 1343 3541 genus
1362 3492 1407 3527 su·

311 3562 452 3613 provocare
469 3564 521 3599 non
539 3548 644 3613 lieebst,
666 3558 695 3600 ut
713 3557 789 3614 putet
803 3564 836 3601 ex
877 3563 948 3602 reum
959 3550 1051 3602 'ustos
1064 3553 1182 3616 intelligi,
1198 3552 1231 3602 ud
1249 3565 1358 3615 querunt
1370 3555 1407 3602 ln·

311 3627 369 3691 lege
392 3627 468 3676 unies
485 3625 514 3677 li.
546 3627 587 3677 De
607 3625 692 3678 officio
711 3627 837 3678 Preieeti
876 3629 1037 3678 stitutionem
1057 3629 1155 3693 gaudet
1168 3627 1253 3677 Potite
1269 3628 1356 3693 siquid
1368 3643 1406 3678 se·

310 3701 450 3752 Pretorio.
878 3703 994 3754 ‹lulitetis
1009 3719 1062 3754 sue
1080 3703 1168 3755 stntlio
1179 3701 1299 3754 conferre
1315 3706 1406 3770 porslt.

343 3781 377 3827 22
391 3776 629 3842 semicorrosis]
648 3778 778 3843 Gratiani,
794 3793 840 3830 cu-
878 3779 917 3830 rit
927 3796 979 3832 non
991 3786 1117 3846 repugnet
1126 3779 1176 3830 hoe
1187 3779 1256 3829 idern
1266 3779 1363 3844 exponi
1375 3780 1407 3829 de

309 3853 353 3918 jus
374 3855 475 3918 college
497 3854 653 3905 insecundo
672 3855 839 3921 ipsiusCon·
866 3849 959 3907 ¹Probi
986 3856 1126 3920 majoribus
1154 3855 1247 3920 quibus
1273 3855 1318 3905 ille
1339 3857 1407 3906 solus

312 3934 398 3984 solutu
423 3933 527 3998 legitor,
553 3934 670 3984 ‘Sextus
697 3934 837 3985 Petronius
879 3931 1054 3996 superfuerit3
1076 3933 1152 3981 immo
1171 3931 1208 3980 nil
1231 3930 1300 3980 uliud
1323 3930 1407 3982 Poiite

312 4008 429 4060 Probus'
440 4010 468 4058 in
479 4009 561 4059 Pastis
574 4009 759 4062 consularibus.
879 4009 977 4072 innuit;
989 4011 1011 4058 si
1022 4009 1125 4074 quidem
1140 4022 1200 4058 mox
1211 4007 1328 4057 Probum
1337 4009 1408 4058 (lieet

344 4089 377 4135 et
395 4085 502 4135 Primum
511 4087 536 4135 iu
546 4085 775 4149 uousdufuscitur]
786 4085 839 4140 Qui
878 4085 966 4148 stirpis
978 4093 1128 4135 novatorem
1140 4084 1266 4148 Auniae‚s
1277 4099 1329 4150 que
1341 4086 1408 4135 Cou-

312 4173 456 4226 qnuuqusm
477 4162 603 4213 secundus
622 4169 723 4212 tentum
744 4165 840 4215 Consul
879 4160 948 4209 eules
967 4161 1079 4227 plurimi,
1096 4165 1124 4211 et
1139 4161 1286 4226 Imperetur
1303 4162 1343 4212 Μ.
1355 4161 1408 4212 Αιι·

314 4241 392 4298 esset,
408 4242 513 4300 poteret
528 4245 614 4289 temen
631 4237 726 4303 primns
744 4238 841 4290 consul
877 4235 964 4289 relius.
