3016 4894
298 391 364 456 674
763 399 917 448 nrrsorarr

304 545 506 630 Expositum
523 543 632 608 subter
647 538 803 622 paradas,
825 539 978 622 lectoque
997 535 1180 619 jacentem:

347 645 505 729 Corporis
518 649 556 708 ut
569 642 652 708 tanti
667 657 733 702 noa
748 644 920 702 moveatur
937 655 1032 700 onus.
1353 634 1399 698 30

305 745 402 811 Unus
418 743 622 810 Domnotoni
639 747 672 805 te
684 741 777 804 litore
791 738 936 820 perferet
949 743 1053 800 aestus

348 846 531 912 Condatem
547 842 754 925 adponam:
778 837 920 902 simodo
936 837 1152 919 deproperes.

306 947 412 1030 Inque
425 946 534 1012 vicem
549 943 650 1019 venti,
672 940 827 1030 quotiens
842 945 901 1003 tua
915 937 1050 1001 flamina
1062 942 1211 1013 cessant,

349 1046 568 1130 Remipedem
584 1043 709 1128 jubeas
723 1043 874 1126 protinus
889 1041 936 1104 ire
951 1044 1064 1102 ratem.

306 1147 463 1214 Invenies
477 1149 600 1228 praesto
616 1141 790 1226 subjuncta
804 1142 950 1224 petorita
962 1139 1070 1204 mulis.
1354 1141 1401 1204 35

348 1246 440 1312 Villa
456 1227 601 1311 Luceni-
611 1263 691 1308 mox
705 1229 845 1326 potieris
857 1259 946 1305 -acor

306 1433 396 1477 tearum
412 1427 454 1477 aab
469 1427 576 1491 poradta,
596 1431 618 1476 et
636 1431 737 1474 atratum
754 1424 781 1473 ia
801 1429 865 1472 loro:
881 1415 954 1472 ito‘rtt
963 1423 1035 1474 nrolea
1044 1417 1221 1484 lardi'aorporia
1230 1435 1277 1472 noa
1285 1423 1402 1482 agitetur.

311 1491 378 1541 Uaria
393 1496 463 1540 oeataa
482 1496 505 1539 te
520 1491 614 1539 deaebet
624 1505 638 1538 a
650 1490 729 1538 liltore
743 1486 885 1537 Domaoloai
902 1501 973 1548 napae
991 1489 1022 1536 ud
1039 1487 1286 1548 pertundendum:
1302 1487 1324 1532 ai
1335 1489 1404 1534 modo

302 1553 411 1615 featiaea.
442 1556 472 1602 Et
485 1554 533 1602 loco
544 1553 616 1615 nenti,
629 1553 718 1614 quotiea
729 1551 843 1614 loiflntua
854 1565 899 1599 non
907 1550 1095 1610 apirnnt,rtutim
1102 1549 1228 1612 praecipior
1235 1563 1318 1598 aurem
1329 1551 1404 1598 remia

305 1618 589 1682 empedlbupraredere.
622 1615 711 1666 Statim
721 1615 755 1664 ibi
766 1615 868 1679 offirma
877 1627 959 1664 carrara
970 1615 1082 1676 alligator
1091 1614 1170 1693 mulia.
1203 1615 1245 1662 Ea
1254 1627 1311 1661 moa
1320 1627 1404 1676 peme-
1500 1647 1501 1664 r

762 1757 942 1778 'Obmulm

306 1857 395 1921 pardae
406 1857 612 1906 Turnebus-tl
631 1854 704 1905 Idem
715 1855 798 1919 legit:
814 1856 850 1906 D.
860 1861 886 1905 te
895 1870 908 1905 e
918 1856 1007 1912 littore.
1039 1854 1295 1910 arriomanitae.

800 1998 908 2050 NOTAE

308 2104 406 2160 auatro,
423 2096 468 2146 aed
490 2096 568 2146 latina
580 2087 615 2144 ¹et
636 2093 836 2158 synecdocbimis
875 2096 924 2145 His
936 2094 1033 2146 ultimis
1045 2092 1130 2143 verbia
1141 2092 1262 2156 graphice
1282 2091 1406 2144 deacribi-
1500 2099 1501 2140 ἲ

308 2189 356 2240 pro
368 2172 457 2240 qrrovia
469 2177 555 2220 vento.
876 2176 918 2220 tur
930 2170 1052 2236 ejusmodi
1063 2169 1216 2220 fornicatum
1228 2167 1406 2218 navicularum
1500 2229 1501 2236 ἵ

340 2254 372 2300 illl
389 2247 476 2298 Sabaea
485 2245 600 2309 paradas]
616 2245 731 2308 Scaliger
743 2246 834 2307 ‘para·
876 2254 989 2309 tegmen.

308 2323 371 2374 daa’
388 2324 425 2373 ait
447 2336 526 2386 genua
547 2334 603 2370 eaaa
625 2321 719 2384 navigii
737 2320 836 2370 Vibiaci
895 2319 923 2382 ,⁶
939 2320 1026 2369 Subter
1034 2318 1147 2383 perudus]
1160 2317 1261 2367 Parada
1269 2318 1350 2367 herba
1359 2333 1407 2368 no·

308 2397 448 2462 voluptarii
470 2395 583 2460 undique
602 2396 677 2458 tecti,
697 2409 746 2460 quo
769 2403 835 2445 aestu
877 2397 985 2446 tissima.
1018 2398 1058 2446 lin
1070 2411 1142 2458 vero,
1157 2396 1241 2460 inquit
1250 2397 1406 2460 Deaporina,

308 2475 377 2522 ultro
389 2475 505 2536 citroque
523 2471 703 2533 reciprocante
722 2486 769 2534 per
785 2471 836 2520 Ga·
876 2487 909 2520 ex
920 2487 951 2521 ea
962 2471 1019 2520 tieri
1029 2471 1113 2535 potuit
1131 2471 1222 2533 teges?
1255 2471 1407 2520 sirmondus

310 2561 425 2596 rumnam
437 2547 549 2595 molliter
565 2545 724 2607 ferebantur,
740 2553 768 2595 et
779 2561 836 2595 sen·
877 2547 910 2595 ad
921 2545 1054 2596 Sidonium
1071 2553 1143 2596 recte
1161 2547 1294 2595 annotavit
1312 2549 1409 2610 ‘para-

310 2622 418 2672 tentiam
426 2636 495 2669 anam
505 2618 767 2682 SidoniiApollinaria
779 2620 837 2671 loco
878 2620 935 2671 daa’
957 2635 1012 2670 earo
1034 2621 1211 2684 integumenta
1238 2621 1409 2684 navigiorum,

310 2704 427 2745 aatmere
438 2694 539 2744 nititur.
570 2693 678 2742 Vinctus
698 2708 749 2743 non
766 2695 837 2743 navi·
878 2694 910 2743 ad
922 2694 1092 2744 eoireendum
1106 2695 1198 2754 Solem,
1214 2691 1305 2758 frigus,
1321 2704 1348 2746 et
1365 2711 1408 2746 re·

310 2771 379 2835 glum
398 2771 480 2834 ipsum
500 2770 541 2818 bie
561 2768 715 2832 paradarum
735 2770 837 2819 nomine
875 2769 959 2833 liquaa
971 2769 1030 2818 cneii
1042 2769 1156 2832 injurias.

309 2847 440 2910 iutelligit,
456 2845 501 2895 aed
523 2851 626 2908 tegmen
648 2849 747 2893 taurum
769 2844 835 2908 ejus,
909 2850 940 2896 ³2
959 2847 1087 2896 Condatem
1107 2849 1137 2894 nd
1156 2846 1261 2909 mam]
1290 2845 1343 2896 Hic
1374 2849 1407 2898 ad

309 2922 485 2986 peripetasma
517 2920 627 2982 scilicet,
653 2920 766 2981 circulis,
791 2926 836 2969 ant
874 2921 1408 2984 DordonlamsenDuraninmera't,paulo
1500 2963 1501 2970 ,

308 2993 383 3046 bexia
395 2997 421 3044 ln
433 2994 633 3044 semirotnndum
645 2995 723 3057 virgis
736 2996 836 3058 impoai·
877 3013 955 3062 supra
967 2999 1030 3048 Lilae
1042 3013 1057 3046 a
1068 2997 1256 3061 Lemovicibua,
1273 3007 1301 3046 et
1311 2997 1408 3048 Petro·

309 3072 524 3121 tnurincanverre
534 3070 651 3119 tbrmam.
684 3071 732 3118 Cui
751 3077 780 3119 nt
796 3085 836 3120 aa·
876 3072 954 3121 coriis
975 3070 1088 3134 fluentia,
1113 3077 1141 3121 et
1158 3072 1238 3135 ipaioa
1263 3071 1408 3121 Dordonire

308 3145 406 3195 aantiar
417 3145 502 3206 portua
521 3158 597 3208 qaam
616 3145 757 3206 Scaligero,
771 3143 837 3195 facit
876 3145 1047 3209 confluentes,
1063 3161 1095 3196 ac
1113 3147 1262 3196 Libnmianr
1288 3147 1323 3195 ibi
1345 3162 1408 3196 oon-

309 3220 381 3268 loeua
396 3219 455 3282 ipse
477 3218 575 3267 Sidonii
594 3218 627 3267 ab
649 3232 681 3266 eo
702 3219 838 3270 adductus.
878 3219 957 3270 ditem
970 3228 1060 3285 poatea
1074 3220 1173 3271 urbem.
1205 3221 1281 3270 Nunc
1299 3223 1408 3285 paludea

309 3292 363 3342 Hie
373 3299 458 3342 autem
478 3298 519 3341 eat
539 3292 657 3355 Epistola
676 3292 708 3340 ad
719 3291 836 3356 'l‘rigret-
878 3303 980 3346 tanturn
992 3304 1051 3346 aunt
1067 3303 1094 3346 et
1110 3311 1206 3360 pascua
1217 3296 1343 3346 Condatis
1362 3313 1408 3346 no·

308 3365 385 3427 tium,
402 3367 583 3430 quahortatnr
594 3379 661 3429 eum,
676 3372 705 3416 ut
724 3380 740 3415 a
758 3375 837 3431 portu
878 3385 938 3420 men
948 3372 1095 3434 retinentia,
1111 3379 1179 3420 teste
1189 3372 1294 3420 vineto.

310 3438 443 3502 Alingonis
453 3442 546 3503 solvat,
561 3446 588 3490 e't
600 3441 765 3504 Burdigalam
779 3458 838 3506 per·
910 3446 926 3476 ‘
944 3448 1074 3498 Condatem
1093 3450 1124 3496 ud
1147 3448 1253 3510 mana]
1277 3446 1408 3509 Condate,

309 3515 426 3564 vebatnr.
458 3515 584 3576 ‘fliete’
600 3517 694 3580 inquit,
708 3518 838 3569 ‘aedifica
877 3521 1253 3586 in'l'abnlaPeuttiugeriaua.
1281 3521 1407 3571 Paulinua

308 3597 353 3640 tua
362 3590 478 3640 culcitris
489 3597 570 3653 torua,
585 3591 626 3640 bic
647 3593 736 3641 tabula
754 3594 839 3644 calcu·
879 3595 912 3644 ad
923 3595 1065 3645 Ausonium
1076 3599 1084 3624 ‘
1094 3596 1253 3646 Condatem'
1265 3597 1352 3645 vicum
1362 3612 1409 3659 ap-

310 3667 343 3717 iia
371 3673 454 3717 atrata
480 3667 645 3731 bicoloribus,
672 3669 714 3718 bic
740 3676 840 3722 tessera
880 3673 961 3734 pellat
972 3673 1153 3722 Condatinnm.

308 3740 432 3808 bequetm
443 3743 557 3792 eboratis
573 3744 727 3792 resultatura
745 3760 838 3810 pyrgo·
910 3751 942 3797 8³
959 3748 1130 3811 Taajlaraiaa]
1145 3749 1197 3798 Vel
1216 3748 1263 3798 tibi
1282 3746 1409 3811 faventia,

312 3833 369 3869 rum
382 3818 504 3881 gradibus
515 3825 655 3883 expectat:
672 3821 723 3883 bic,
739 3835 772 3870 ue
790 3823 838 3871 tibi
869 3816 907 3873 ‘et
918 3823 1041 3885 secunda,
1049 3825 1091 3872 vel
1101 3822 1187 3886 potius
1199 3839 1214 3872 a
1224 3831 1251 3872 te
1260 3825 1408 3887 crepitante

310 3893 452 3957 pendmum
480 3893 568 3957 tingat
594 3893 712 3943 volubilia
739 3896 839 3945 aentina
878 3897 977 3946 emissa.
1000 3897 1053 3948 Hic
1063 3899 1131 3947 enlm
1138 3899 1222 3962 jocari
1232 3899 1338 3949 videtur
1348 3914 1408 3948 cnm

310 3969 459 4033 vaatigium,
474 3969 553 4032 pandi
571 3969 715 4017 carinarum
733 3975 838 4019 ventres
877 3985 964 4020 cranao
988 3972 1101 4021 'lbeonia
1126 3973 1271 4036 abdomine,
1297 3972 1408 4024 flatuum

310 4045 477 4109 abiegnarum
497 4045 607 4095 trabium
629 4051 703 4093 textu
725 4045 839 4108 pulpita·
877 4046 1135 4110 nonaegniofficina.

312 4121 417 4172 buntur.
450 4118 660 4185 Hicanperdexa
676 4126 748 4169 erate
764 4134 839 4183 para·
909 4124 941 4169 bb
959 4122 1067 4170 Iaaeaiea
1084 4123 1186 4187 prede]
1205 4124 1283 4188 apuu
1304 4124 1408 4175 Conda-

312 4193 401 4242 ‹larnm
411 4196 497 4245 aereni
509 4193 716 4244 brumaliaintida
724 4194 838 4244 vitabia.'
877 4201 932 4245 tam
942 4198 983 4245 val
993 4196 1146 4246 Condatem.
