3016 4894
256 320 321 386 632
726 329 881 380 Ausottn

257 478 446 544 Nectuntor
460 480 539 559 post
551 475 625 552 bos,
638 492 876 556 numerumque
890 491 934 536 ex
948 470 1063 536 ordine
1080 471 1230 555 signant:

300 579 500 662 September,
515 575 644 640 Baccbi
654 594 789 638 munere
804 574 901 656 prela
914 573 1044 655 rigans3

258 681 303 746 Et
316 680 373 762 qui
388 678 545 742 sementis
558 683 618 760 per
631 682 794 757 tempora,
807 674 933 740 suenone
942 674 1052 752 laetus,

303 781 460 856 October,
476 777 591 861 cupidi
606 797 698 860 spem
712 777 809 840 soret
823 776 997 858 agricole:

258 880 392 964 Quique
407 881 477 945 salo
488 896 635 961 mergens
649 877 803 942 solennia
817 877 912 958 signa
927 875 1123 940 November

301 981 511 1064 Praecipitat,
526 981 614 1045 coelo
629 997 712 1043 mox
726 977 872 1042 reditura
883 997 959 1041 auo.

259 1082 473 1148 concludens
484 1098 669 1156 nnmerum,
684 1078 830 1162 genialia
842 1078 931 1142 festu
944 1077 1127 1141 December

302 1183 407 1262 Finit,
422 1193 457 1247 ut
472 1202 494 1248 a
507 1183 626 1246 bruma
639 1201 719 1246 mox
732 1199 841 1246 novus
857 1198 963 1244 annno
979 1184 1044 1242 eat.

259 1413 351 1476 stirpis.
383 1415 444 1462 Port
452 1413 653 1475 iitoejonguntar,
660 1418 684 1463 et
694 1413 800 1462 indicunt
810 1411 903 1462 nomine
913 1425 953 1460 rao
964 1411 1028 1474 quoti
1037 1409 1238 1460 &meminerant
1248 1425 1359 1462 meacm:

259 1476 397 1538 September
414 1477 569 1536 madefactam
587 1479 714 1528 toreularia
731 1478 783 1526 cirri
799 1479 905 1540 liquore:
921 1480 945 1525 et
964 1475 1075 1537 October,
1090 1476 1252 1538 quiquidem
1269 1477 1357 1524 eruda-

260 1545 346 1596 mento,
360 1555 402 1601 per
420 1545 511 1603 tempere
528 1542 638 1598 rdicula,
652 1544 729 1590 nutrit
749 1557 813 1604 rpem
830 1541 896 1590 acidi
914 1541 1004 1588 coloni:
1020 1544 1044 1588 et
1056 1539 1188 1588 November
1205 1540 1245 1602 qut
1258 1541 1357 1601 tingere

258 1605 320 1651 mori
338 1605 416 1652 Nune
434 1609 550 1665 eomuetu,
565 1604 700 1668 precipitat
718 1621 756 1666 ea,
773 1605 970 1653 breoireoeraura
985 1606 1012 1652 tre
1027 1604 1192 1653 mmcoelrrm.
1224 1604 1356 1652 December

258 1667 365 1716 aarum
372 1669 455 1716 certem
465 1670 586 1732 merciam,
593 1670 671 1735 finem
685 1669 784 1734 imponit
789 1669 863 1729 fertis
873 1668 1022 1731 voluptariis,
1030 1673 1058 1716 ut
1068 1668 1153 1718 atatim
1161 1672 1214 1732 poet
1224 1667 1356 1717 eolatitirrae

261 1745 334 1780 aceto
342 1747 418 1782 onnes
426 1734 548 1796 procedat.

754 1888 860 1939 NOTAE

292 2016 789 2084 28Geaioltosertu]0palia,Sigillurie,
828 2017 1085 2068 excudendecomri.
1116 2017 1183 2068 Sunt
1198 2022 1283 2066 autem
1298 2016 1359 2066 Mo·

263 2100 291 2145 et
300 2093 458 2144 Saturnalia.
828 2093 1027 2142 noeticbebrecz
1045 2091 1287 2155 ‘DirapetetJani
1303 2092 1358 2140 Ro-

293 2175 326 2218 24
341 2173 365 2218 Δ
379 2168 473 2230 mmo]
497 2167 788 2229 Brevissimaonnidie,
828 2169 911 2217 menis
927 2169 1013 2221 Jeuoa
1031 2169 1112 2218 bellic.
1138 2169 1208 2217 Vota
1226 2169 1285 2216 Deo
1297 2168 1360 2217 Diti

262 2259 339 2312 quam
359 2245 400 2292 bic
422 2243 549 2293 Ausonio·
570 2251 712 2292 extremum
733 2245 788 2292 De·
829 2244 932 2293 Februa
946 2244 1041 2294 menois
1054 2245 1142 2295 nabet.
1174 2246 1266 2307 Incipe
1284 2245 1360 2294 Mara

262 2320 372 2370 cembrie
390 2317 467 2368 fuisse
485 2319 579 2382 innuit,
596 2319 640 2368 ulii
660 2319 736 2368 aliter
753 2319 789 2367 lo·
830 2321 889 2368 anni
900 2319 1051 2370 feliciofate
1063 2320 1163 2370 reduci.
1193 2321 1269 2370 Touo
1281 2319 1359 2370 Aries

264 2404 334 2444 eant.
830 2396 929 2446 Veneri
955 2397 1026 2446 lutea
1047 2403 1118 2445 certa
1138 2397 1212 2460 legit.
1256 2397 1362 2458 Dulcia,

296 2471 398 2520 Praeter
408 2471 575 2520 Monostiebe
585 2475 613 2520 et
628 2469 747 2520 Diaticba
756 2469 790 2518 de
830 2471 911 2534 Meta,
936 2473 988 2525 tuir
1010 2474 1099 2522 lucent
1121 2474 1238 2522 examina
1266 2473 1359 2521 Nonis.

264 2545 393 2594 mensibu·
413 2560 492 2609 cupra
508 2547 599 2604 relata,
615 2549 676 2592 runt
695 2551 723 2592 et
739 2544 791 2592 alia
831 2546 901 2596 Arce
912 2549 1094 2611 poltGemtuoe
1104 2549 1196 2600 eunius
1206 2563 1270 2598 ecce
1280 2549 1361 2598 locet.

265 2621 429 2669 Monosticha
436 2628 463 2669 et
471 2620 791 2683 Terresttcbe,quaequau·
830 2623 915 2673 Julius
934 2623 1036 2673 ardenti
1054 2623 1160 2673 divertit
1178 2624 1275 2672 lucrina
1290 2623 1361 2673 Solle

264 2711 339 2761 quam
351 2697 377 2746 in
389 2697 552 2760 Lugdunenri
567 2696 657 2746 codice
672 2695 740 2744 inter
749 2710 792 2744 ce·
831 2697 909 2748 Ab're.
932 2699 1103 2761 Flammigero
1114 2706 1206 2748 cuncta
1217 2698 1305 2746 Leone
1316 2711 1361 2746 ca-

265 2784 322 2822 tera
333 2771 441 2822 Ausonii
456 2787 537 2835 opera
545 2786 595 2822 non
607 2773 793 2835 reperirentur,
830 2772 894 2823 lant.
921 2774 1004 2822 Poma
1013 2775 1078 2836 legit
1090 2775 1171 2838 Virgo
1182 2775 1276 2823 maturi
1288 2772 1362 2823 mitia

266 2864 315 2898 nec
332 2850 387 2912 ejus
403 2864 459 2900 esre
472 2849 631 2910 viderentur,
647 2856 734 2897 tomen
751 2863 792 2898 re·
831 2847 906 2896 Solia.
917 2848 1014 2897 Fundit
1021 2856 1048 2897 et
1057 2849 1359 2900 OctoberrinaFalerua

266 2932 341 2989 portu
351 2941 368 2975 a
378 2940 407 2976 re
418 2927 444 2975 iu
456 2926 506 2975 ulio
518 2931 621 2976 retorto
633 2926 733 2988 codice,
742 2940 794 2976 ona
832 2924 905 2974 lacis.
937 2923 1005 2974 Aret
1017 2931 1073 2975 tote
1084 2927 1130 2976 sob‘
1148 2925 1247 2988 species
1257 2926 1282 2973 ri
1294 2925 1362 2976 dura

267 3017 327 3050 cum
342 3003 515 3066 superioribus
526 3003 586 3065 illie,
602 3002 636 3052 ob
647 3001 793 3066 argumenti
834 3001 929 3064 Nepai.
951 3001 1017 3052 lude
1029 3002 1176 3052 December
1187 3007 1257 3050 emat
1267 3009 1304 3063 te,
1315 3015 1360 3066 qe·

265 3075 459 3126 similitudmem
476 3077 566 3127 iisdem
583 3078 693 3128 inseruit
701 3078 728 3126 iu
738 3078 793 3127 edi·
833 3077 1032 3140 niatirHyems!
1048 3077 1210 3128 Tetrasticha
1222 3091 1361 3141 vereque

267 3151 340 3200 tione
359 3165 406 3200 rua
423 3150 544 3211 vinetus,
562 3166 620 3216 quee
641 3150 745 3216 quidem
763 3158 794 3201 ut
833 3153 957 3202 mensium
968 3153 1151 3203 simulacriearl
1162 3153 1364 3215 explicationem

266 3225 383 3276 Ausonio
393 3224 507 3276 tribuere
517 3240 568 3274 non
586 3226 679 3287 enaim,
695 3225 733 3274 ita
743 3241 793 3278 nee
834 3229 953 3290 subjecta
963 3227 1043 3278 luisse
1053 3228 1183 3291 ridentur,
1196 3234 1258 3278 runt
1274 3227 1363 3291 bajus·

266 3300 298 3349 iia
317 3299 420 3362 peritur
437 3301 514 3349 velim
532 3299 681 3350 fraudatum
699 3299 794 3350 Lecto-
834 3304 914 3352 modi.
1076 3347 1079 3354 .

268 3389 331 3424 rem.
349 3375 442 3439 Itaque
453 3376 494 3425 bie
504 3382 579 3424 extra
586 3375 727 3424 Antoniani
736 3391 795 3426 eon·
868 3379 947 3440 [Haec
967 3379 1027 3428 ride
1045 3379 1072 3427 iu
1088 3377 1364 3430 animadversionibus

267 3457 355 3500 textus
365 3451 467 3508 seriem,
483 3458 511 3500 et
529 3450 587 3500 aliie
601 3451 795 3502 characteribus
834 3454 955 3504 Soucbaii
966 3453 998 3502 ad
1009 3454 1108 3504 calcem
1119 3455 1364 3518 textooappositie]

328 3715 494 3774 quornm
520 3715 605 3765 ures
629 3715 717 3763 surr
741 3715 914 3764 munerun
938 3715 1201 3764 arroououorr.
1244 3697 1319 3763 378-

271 3841 447 3911 Irrrnn'rtr
462 3850 606 3914 tricenas
622 3869 682 3932 per
697 3849 829 3932 singula
841 3857 1010 3914 menstrua
1024 3851 1118 3914 luces

272 3948 295 4012 J
297 3950 408 4030 unius,
423 3947 631 4034 Aprilisque,
647 3957 683 4014 et
697 3970 773 4014 cum
787 3951 981 4033 Septembre
996 3950 1201 4016 November.

301 4149 391 4216 belim,
400 4159 424 4201 et
431 4155 535 4217 Aprilis,
545 4157 569 4204 et
581 4152 722 4218 Nooember,
735 4167 787 4202 een
798 4151 943 4218 Septeobre,
957 4153 1041 4203 babent
1052 4153 1155 4215 triginta
1165 4152 1217 4204 dier
1226 4152 1312 4202 ntideo
1319 4164 1364 4216 per
