3016 4894
533 390 787 442 ucuucunlunt.

115 530 229 594 Unum
244 529 402 594 terdenis
416 531 614 596 cumulatius
624 531 710 596 adde
723 532 845 598 diebus

114 630 184 693 Per
196 635 322 712 septem
337 648 477 708 meuses,
490 630 570 695 Jaui
586 632 777 713 Martisque
793 631 972 710 Kalendis,

113 721 162 793 Et
176 750 261 812 quas
278 730 392 794 Maius
407 731 489 812 agit,
505 751 589 813 quas
602 732 727 812 Julius,
743 731 995 815 Augustusque,
1102 799 1104 804 ,
1188 738 1211 800 6

115 831 161 894 Et
174 850 260 912 quas
275 831 435 909 October,
448 833 649 914 positusque
662 835 697 898 in
710 833 776 898 fine
791 833 988 898 December.

115 931 216 995 Unus
226 934 287 998 erit
300 938 425 996 tantum
439 932 689 1014 duodetriginta
702 933 840 1012 dierum,

116 1029 230 1108 Quem
245 1031 358 1095 Numa
371 1033 554 1114 praeposito
568 1033 676 1096 voluit
690 1035 871 1099 succedere
886 1034 909 1098 J
912 1054 989 1100 ano.

114 1133 176 1198 Sic
191 1131 389 1196 tercentenis
403 1131 515 1196 decies
531 1133 693 1197 accedere
709 1153 821 1211 senus,

116 1232 425 1315 Quadrantemque,
439 1240 474 1296 et
487 1235 636 1317 quinque
648 1235 720 1298 dies
735 1235 799 1298 sibi
812 1238 989 1317 computet
1003 1254 1119 1301 annus.
1167 1238 1210 1302 10

113 1428 218 1489 sputum
233 1427 316 1490 quique
325 1427 361 1476 rei
373 1428 464 1477 mentia.
495 1429 578 1488 Adiiee
588 1429 688 1492 emplius
705 1444 776 1478 utrem
786 1430 849 1480 diem
858 1431 961 1493 triginta
972 1432 1052 1482 dictur
1066 1447 1109 1495 per
1123 1437 1210 1495 septen

115 1506 214 1554 memes,
230 1491 320 1542 triticei
337 1491 453 1542 mileu
467 1493 594 1550 denunric,
608 1493 705 1557 Martie,
715 1495 792 1556 Maio,
802 1496 878 1558 delio,
889 1496 1050 1560 Angustaque,
1067 1503 1091 1545 et
1104 1496 1210 1554 Octobri,

114 1571 144 1602 ce
155 1557 289 1615 Decembri,
304 1556 343 1619 qui
353 1557 475 1604 cademus
485 1562 519 1604 eet
530 1558 556 1604 in
567 1556 619 1616 fiae
629 1558 696 1606 uniri.
732 1559 798 1606 Unru
808 1561 882 1607 colem
892 1560 978 1608 mentis
989 1561 1035 1609 erit
1057 1561 1147 1609 durem
1158 1565 1210 1608 cete

116 1624 142 1666 et
152 1620 249 1682 viginti,
264 1621 305 1668 ille
314 1620 403 1669 seilicet
413 1634 479 1684 quem
491 1621 518 1668 N
518 1635 571 1668 erae
580 1621 655 1670 coluit
665 1622 701 1670 ire
710 1626 761 1682 pert
773 1623 915 1672 deauretur
924 1623 970 1672 eidi
984 1629 1136 1687 preeuntem.
1169 1624 1211 1672 ltu

117 1697 193 1731 enum
202 1688 307 1733 nument
317 1685 368 1732 dieu
377 1685 403 1732 iu
412 1699 437 1732 ae
446 1687 581 1745 sexaginta,
597 1690 621 1732 et
632 1685 731 1748 quinque
741 1699 793 1734 eum
805 1689 943 1750 quadrante,
958 1689 1022 1736 ultre
1030 1693 1154 1736 trecentae.

612 1830 719 1882 NOTAE

151 1946 167 1991 7
182 1943 248 1991 Unus
258 1942 313 2004 erit,
321 1944 373 2007 ua]
384 1943 537 1994 Februariae
545 1944 644 1996 dierum
686 1959 753 1996 auno
764 1944 863 1997 dierum
874 1952 915 1995 eat
927 1943 1015 2008 viginti
1025 1958 1126 1994 novem.

118 2024 180 2067 cetu
190 2025 218 2067 et
230 2019 335 2082 viginti;
346 2027 437 2084 quarto
447 2027 533 2070 tamen
544 2036 646 2087 quoqne
677 2061 684 2076 .

283 2269 332 2316 un
355 2267 494 2316 narnus
517 2268 736 2318 unnsunurs
762 2268 948 2318 nnue1uu.
990 2253 1056 2320 379

123 2395 191 2458 Bis
207 2413 308 2458 senae
322 2412 409 2458 anne
423 2402 555 2477 reparat
571 2393 702 2458 Lucina
718 2393 919 2458 Kalendas:

121 2494 168 2560 Et
182 2496 321 2560 totidem
336 2496 463 2559 medias
477 2497 534 2559 dat
548 2514 677 2559 currere
691 2493 827 2576 Jupiter
843 2493 938 2560 Idus.

123 2596 369 2677 Nonarumque
385 2595 475 2659 diem
490 2594 616 2660 faciunt
630 2594 718 2660 infra
728 2601 806 2660 octo
821 2595 971 2659 secundi.

156 2795 222 2844 June
232 2800 329 2844 renutet
345 2809 387 2858 per
397 2809 484 2843 aarum
494 2794 615 2844 Keleadur
625 2793 760 2842 duodecim:
776 2798 799 2841 et
810 2792 905 2855 Jupiter
915 2792 996 2857 efficit,
1012 2797 1039 2842 ut
1051 2791 1147 2840 totidem
1159 2791 1218 2839 idua

118 2855 202 2919 fluunt
213 2859 238 2907 ia
248 2859 322 2908 medic
333 2859 455 2909 mensium.
488 2860 523 2908 Et
533 2860 578 2908 duo
588 2857 680 2908 numri
688 2871 757 2920 perer
766 2857 830 2916 infre
839 2856 982 2905 odonnrium
992 2857 1049 2904 dent
1059 2855 1121 2904 diem
1134 2855 1216 2903 Nonu-

616 3011 724 3065 uene
796 2987 805 2996 ’

158 3139 174 3182 l
195 3134 298 3196 Merui
318 3133 410 3183 Lucina
429 3134 562 3197 Kalendae]
583 3134 652 3183 June
692 3131 790 3182 mediae
802 3130 867 3181 dixit
879 3130 907 3180 in
925 3130 1053 3180 mensibus
1070 3141 1126 3177 erse
1144 3127 1220 3187 Idne,

124 3209 302 3258 Kalendarum
313 3211 373 3258 Dea
385 3223 479 3272 preeeee
491 3208 569 3258 Orid.
580 3209 652 3257 Fert.
693 3221 743 3272 quc
754 3207 796 3256 die
808 3207 893 3256 Nune
908 3207 959 3256 aiut
976 3205 1093 3269 exponit,
1108 3202 1219 3253 dicendo

126 3301 147 3338 r.
163 3287 305 3337 ‘Vindicet
323 3285 450 3336 Ausoniae
464 3285 575 3338 Junonir
591 3298 653 3334 cura
693 3297 813 3332 numeros
824 3283 889 3332 duce
900 3280 968 3330 infra
978 3288 1037 3331 octo
1052 3279 1109 3345 (qui
1124 3278 1219 3328 Iduum

125 3364 268 3416 Kalendas.
296 3363 387 3414 Idibus
397 3361 523 3414 elbeJovi
532 3359 653 3424 grandior
692 3376 814 3414 numeru·
834 3359 887 3424 eet)
904 3360 1010 3423 peritos,
1030 3358 1107 3422 eique
1125 3355 1220 3406 similes

125 3455 195 3503 agua
215 3438 293 3488 cedit.
336 3438 469 3487 Neutrum
490 3435 574 3485 tutele
594 3434 654 3484 Dec
694 3444 722 3488 et
734 3451 817 3500 pares,
828 3449 923 3498 nempe
942 3431 1067 3483 senarium
1080 3438 1107 3481 et
1117 3437 1220 3495 quater·

127 3513 220 3565 caret!
693 3512 803 3574 nerium,
821 3510 909 3562 fecere
929 3510 1026 3564 Nonas.
1057 3507 1103 3558 Ea
1122 3505 1219 3572 quippe

159 3587 300 3650 arduus]
326 3587 386 3638 Non
406 3593 527 3636 accurate
548 3586 655 3648 mediet,
694 3587 824 3636 mensibus
836 3585 943 3647 Martio,
953 3583 1033 3644 Maio,
1040 3582 1120 3637 lulio,
1131 3588 1159 3629 et
1168 3579 1221 3630 Oe·

128 3670 239 3728 quatuor
249 3664 318 3712 enim
329 3661 432 3726 quidem
444 3662 574 3712 mensibus
592 3661 655 3711 ldae
694 3661 763 3711 tcbri
772 3660 1009 3723 contingunteextc
1017 3663 1077 3719 poet
1087 3653 1220 3704 Kalendae

129 3744 192 3787 eunt
208 3737 252 3787 die
270 3737 370 3786 decime
389 3737 489 3800 quinto,
504 3744 532 3787 et
549 3736 654 3802 reliquit
695 3736 747 3798 die,
764 3735 858 3786 ceteris
879 3733 1007 3783 mensibus
1027 3738 1128 3798 quarto,
1142 3730 1220 3792 juxta

128 3812 232 3863 decimo
246 3811 337 3876 tertio,
351 3817 382 3862 ut
396 3809 464 3862 inira
478 3811 558 3862 furius
574 3811 655 3876 expli·
694 3811 759 3862 illud
772 3811 875 3862 tritum:
887 3810 955 3860 ‘Sex
965 3807 1051 3860 Maius
1061 3807 1159 3866 Nonne,
1168 3803 1221 3853 Oe·

129 3887 241 3937 cabitur·
695 3887 780 3949 tuber,
795 3887 889 3948 Julius,
906 3891 934 3934 et
954 3886 1039 3945 Mers3
1058 3885 1174 3934 Qnetucr
1193 3885 1222 3927 at

162 3960 656 4025 dNenerumquediemfuciuutieirucctc
696 3961 807 4025 reliqui:
831 3959 904 4008 dubit
926 3958 989 4007 ldue
1011 3956 1120 4021 quilibet
1142 3952 1222 4002 σεῖο]

130 4036 236 4099 σιωπαί]
253 4037 324 4086 Nihil
341 4037 382 4086 hic
401 4036 490 4086 videre
508 4049 535 4084 ee
552 4049 656 4098 prunus
697 4037 733 4085 Et
743 4034 806 4084 illud
818 4033 897 4083 nostri
908 4031 988 4082 iufra:
1005 4032 1014 4058 ⁴
1023 4031 1060 4079 At
1071 4029 1158 4078 Nonae
1169 4041 1222 4075 mo-

131 4111 231 4162 fatetur
250 4112 371 4163 Videtur.
403 4112 470 4166 Nan,
486 4118 572 4161 tamen
591 4111 657 4162 men
698 4110 836 4174 dequarte
846 4107 941 4173 enuit,
955 4103 1032 4157 mcdc
1051 4107 1126 4153 reatu
1141 4099 1222 4154 refert

131 4185 343 4248 profunderent
359 4185 485 4238 tenebre.
518 4187 658 4252 Puttqeum
698 4186 759 4237 lun.¹
