2998 4884
280 359 346 424 508
678 365 681 371 ·
744 363 897 414 ruscum

282 533 348 578 non
363 511 464 574 debet
478 507 521 574 ad
537 507 671 572 famam.
714 509 747 573 t.
766 507 848 572 Fuit
870 509 981 570 autem
1001 501 1173 584 ineptiolae
1188 498 1289 584 hujus
1309 499 1378 562 ista

281 611 433 678 materia.
478 609 518 673 In
535 609 786 690 expeditione,m
808 606 900 691 quod
917 612 1061 688 tempus,
1075 608 1113 666 ut
1134 603 1214 680 scie,
1228 601 1377 668 licentiae

282 713 436 778 militaris
458 716 523 786 est,
543 729 642 792 super
661 727 813 773 mensam
834 726 944 772 meam
957 706 1048 770 facta
1063 709 1116 770 est
1131 703 1296 778 invitatio,
1311 721 1380 764 non

282 815 341 878 illa
356 814 398 878 de
414 811 556 876 Rubrii4
577 810 761 886 convivio,²¹
782 814 820 872 ut
835 797 956 872 Graeco
973 823 1063 869 more
1077 805 1253 868 biberetur
1265 809 1295 882 3⁰
1319 802 1381 877 sed
1485 887 1486 896 ἵ

283 915 341 979 illa
363 914 406 978 de
431 912 550 978 Flacci
566 912 711 992 eclogae
732 910 767 974 in
782 928 850 991 qua
865 913 1001 990 propter
1023 905 1166 970 medinm
1188 909 1333 980 noctem,
1348 907 1383 968 ct

247 1114 251 1118 ·
283 1097 345 1157 eant,
360 1095 448 1145 eximes
457 1110 472 1143 u
482 1097 544 1152 mutu
550 1094 628 1154 sama,
643 1094 720 1142 rinos
735 1095 769 1140 ert
781 1091 867 1154 dignu:
881 1088 922 1152 qui
941 1090 1023 1138 borum
1041 1091 1202 1150 consequatur.
1235 1086 1290 1136 Hoc
1301 1091 1381 1149 amero

278 1160 332 1218 seit
341 1165 506 1222 argumentum
516 1159 586 1218 huju:
595 1157 671 1220 inepti
679 1155 801 1219 poinmtii.
835 1155 865 1202 In
876 1155 1023 1216 expeditione
1037 1154 1147 1214 qaudam,
1163 1165 1208 1212 prro
1226 1155 1338 1212 tempere,
1355 1155 1384 1197 :rt

283 1225 356 1284 meti,
371 1225 445 1272 mutto
455 1223 522 1286 flunt
529 1237 573 1284 per
583 1221 701 1270 licentiam
715 1220 850 1282 militarem,
862 1217 932 1277 freto
943 1223 978 1264 ert
994 1217 1105 1264 invitatio
1121 1216 1147 1264 irs
1162 1229 1243 1264 ereren
1259 1228 1321 1274 mea,
1335 1229 1385 1262 aere

284 1287 411 1347 eujusmodi
419 1287 550 1346 foetaerat
560 1287 586 1334 in
596 1285 700 1332 eoroieio
714 1285 811 1342 Rubrii,
828 1288 854 1330 ut
872 1287 994 1346 potaretur
1012 1279 1062 1328 stro
1076 1279 1177 1336 Graec:
1193 1281 1233 1327 aed
1254 1277 1383 1338 enjmrnodt
1485 1319 1486 1322 ,

285 1351 356 1400 ertia
371 1352 424 1399 oto
435 1349 543 1412 Horatii,
557 1350 584 1398 ire
595 1364 641 1416 qao
649 1348 846 1412 pritoeorreptus
854 1345 939 1406 furore
949 1344 1066 1395 Boethius
1078 1345 1153 1408 poerit
1170 1347 1208 1391 ter
1224 1347 1273 1391 tres
1288 1341 1383 1404 edices,

776 1503 883 1558 NOTAE

285 1602 387 1666 Sylvius
394 1601 814 1666 exemplacongerit,quibus‘pro·
855 1599 948 1648 deduci
965 1599 1059 1663 justit:
1077 1597 1266 1649 discumbitur:
1283 1596 1314 1646 fir
1332 1611 1386 1648 aer·

286 1679 332 1730 bet
351 1678 448 1728 Latini:
468 1675 594 1727 familiare
614 1675 702 1738 luisse,
722 1685 751 1726 ut
762 1674 814 1726 Dei
854 1689 895 1724 mo
907 1675 976 1725 inter
989 1689 1043 1738 eos,
1059 1680 1087 1724 et
1103 1674 1221 1724 inritatio
1240 1680 1271 1722 nt
1287 1671 1386 1722 Graeco
1485 1679 1486 1692 ¹

286 1768 378 1804 nomen
390 1761 515 1816 ponerent
527 1768 612 1816 proeo
622 1743 663 1804 cni
673 1752 814 1816 praeaidere
853 1765 924 1802 more
947 1750 1093 1802 biberetur:
1112 1754 1223 1812 poscant
1243 1746 1386 1812 majoribna

289 1835 432 1890 putaretur.
477 1828 642 1888 Hmc'enim,
663 1834 693 1877 ut
712 1827 813 1876 Horatii
854 1825 973 1890 poculis‚’
993 1829 1042 1875 tre.
1074 1825 1170 1875 Mirum
1198 1830 1296 1887 quauta
1321 1821 1384 1872 inde

288 1903 373 1952 verbis
392 1911 459 1965 nter,
475 1903 553 1969 lippte
571 1911 650 1972 atque
668 1903 814 1953 tonsoribus
852 1900 1014 1952 luxhneonli
1025 1902 1092 1951 loeo.

286 1985 355 2028 nota.
475 1980 478 1986 '
885 1977 921 2010 *⁰
935 1977 968 2029 Ut
977 1979 1061 2028 Groero
1069 1989 1132 2026 mere
1141 1973 1270 2040 biberetur]
1281 1973 1387 2024 Morem

319 2055 334 2082 '
350 2061 369 2088 ¹¹¹
393 2055 423 2106 lrr
445 2055 603 2120 expeditione]
625 2053 762 2122 Significat
784 2069 813 2104 re
854 2053 1386 2120 illumtangitbae'rtirrsinvitaAnaebars.

287 2133 331 2182 boa
344 2147 462 2182 numeros
474 2132 499 2182 in
510 2133 611 2195 cestria,
627 2133 739 2196 bellique
750 2131 813 2182 terri·
855 2148 913 2185 curn
924 2133 997 2183 illum
1008 2131 1109 2182 inducit
1118 2131 1205 2181 mirari
1216 2144 1244 2180 se
1254 2129 1387 2182 dicentem

287 2221 351 2270 pore
362 2207 460 2256 lusisse.
495 2208 551 2255 Nec
562 2209 663 2268 mirum,
678 2209 700 2256 si
711 2207 813 2270 quidem
855 2224 901 2257 cur
913 2209 999 2258 Graeci
1011 2209 1086 2258 initio
1102 2206 1214 2257 convivii
1234 2205 1319 2268 parvis
1338 2220 1386 2269 po·

286 2281 436 2342 Gratianus,
446 2296 521 2345 quem
532 2281 699 2332 erudiendum
711 2295 814 2344 suscep·
855 2285 919 2334 colle
931 2293 1074 2345 uterentur,
1092 2283 1134 2333 ubi
1148 2297 1209 2331 vero
1221 2283 1328 2330 saturati
1345 2297 1387 2333 es·

288 2363 356 2419 erat,
368 2358 513 2409 rixucnttm
523 2373 643 2422 egressus
655 2358 815 2420 annum‚suh
855 2366 923 2422 seut,
939 2359 1094 2424 majoribus:
1111 2355 1241 2419 θαυμάζειν
1250 2356 1319 2421 φησὶ,
1337 2361 1392 2410 πῶς

288 2436 361 2494 petre
378 2434 431 2496 jam
448 2433 592 2485 militabat:
611 2434 679 2498 quoti
697 2440 772 2496 petet
782 2447 816 2484 ex
851 2431 969 2494 Ἕλληνες
976 2433 1099 2498 ἀρχόμενοι
1105 2432 1148 2496 μὲν
1159 2434 1277 2498 erpone
1286 2433 1389 2498 shows,

287 2505 570 2559 Ammian.llb.xxvrr.
857 2509 1003 2568 πλησθέντες
1030 2508 1055 2560 δὲ
1083 2511 1108 2559 tr
1136 2508 1256 2571 μεγάλως.
1301 2509 1388 2573 Igitur

320 2588 333 2614 ¹¹
350 2582 407 2632 Nes:
423 2584 466 2632 illo
484 2587 513 2634 de
525 2585 611 2634 Rubrii
629 2585 745 2648 oenotria,
763 2585 817 2650 te]
858 2585 954 2636 Graece
964 2599 1036 2634 more
1047 2585 1147 2645 hibere,
1162 2593 1203 2634 est
1214 2585 1269 2633 dies
1282 2591 1388 2634 noeter-

288 2655 328 2706 Ex
341 2657 493 2708 eaVerrlrra
505 2675 562 2724 quae
582 2668 622 2710 est
642 2661 675 2710 de
695 2663 818 2710 Praetura
857 2675 907 2725 que
928 2661 1034 2710 bibere:
1053 2660 1122 2724 qrrod
1142 2661 1249 2711 Plautus
1271 2660 1296 2708 ia
1318 2659 1388 2714 blus.
1485 2673 1486 2694 ³

288 2731 384 2782 urbana
396 2749 403 2782 :
417 2735 499 2782 ‘Tum
512 2734 627 2785 Rubrius
647 2736 720 2784 istius
739 2737 816 2784 corni·
857 2737 975 2800 appellat
990 2734 1178 2798 ‘pergraecari'
1191 2749 1240 2783 nec
1258 2733 1315 2782 lieri
1327 2750 1389 2798 poa·

288 2813 328 2856 tes
351 2809 444 2858 inritat
465 2824 526 2871 eoa3
545 2825 633 2860 omnee
643 2813 739 2861 Verres
760 2826 816 2861 cer·
856 2817 906 2872 set,
921 2811 942 2858 si
958 2809 1123 2873 amajoribus
1140 2810 1240 2872 peculia
1257 2810 1388 2873 incipere·

211 2921 213 2927 ,
287 2883 368 2932 tiore:
386 2871 460 2947 facit,
476 2884 537 2950 quid
560 2901 625 2950 opus
647 2894 725 2937 esset.
759 2887 816 2934 Me·
857 2892 909 2945 tor,
926 2890 955 2935 ut
978 2885 1014 2934 :sit
1034 2884 1110 2934 Alex.
1132 2883 1270 2948 Aphrodis.
1297 2885 1344 2936 lib.
1367 2899 1388 2938 1.

288 2965 345 3007 ture
357 2962 477 3013 veniunt:
496 2963 675 3012 discumbitur.
709 2962 816 3011 Fitser·
857 2961 997 3014 Problssh.
1025 2959 1389 3023 Hucaeceditquodnature

287 3047 329 3082 mo
340 3033 408 3082 inter
419 3049 471 3096 eor,
487 3041 515 3084 et
533 3037 663 3099 invitatio,
678 3044 708 3087 ut
722 3037 817 3088 Graeco
857 3037 957 3100 exiguis
969 3036 1092 3099 paulatim
1111 3050 1271 3098 aesueacem,
1287 3039 1391 3100 majore

287 3121 358 3156 more
368 3108 518 3170 biberetur,’
534 3113 583 3158 tec.
857 3112 964 3174 posthac
975 3126 1026 3161 non
1036 3110 1141 3175 refugit.
1169 3111 1255 3176 ¹Moris
1271 3113 1391 3176 ejusden:

320 3183 335 3212 ¹
353 3184 410 3233 Nor:
430 3185 472 3232 tua
493 3188 522 3233 de
541 3186 628 3234 Rubrii
648 3187 814 3251 eoreioio]1n
857 3188 996 3236 meminere
1008 3193 1105 3249 praeter
1122 3193 1223 3236 ceteros
1236 3185 1391 3253 Athenaeus,

287 3259 556 3322 Vulgatirlegebatur
571 3262 643 3310 nulle
657 3276 733 3311 sensu
753 3263 814 3311 ludi·
857 3263 1020 3313 Phileetiam
1031 3260 1083 3328 περὶ
1091 3261 1173 3323 μέθηςι
1241 3277 1243 3281 ·

287 3336 344 3386 trit.
383 3335 435 3384 Sed
456 3336 539 3385 locum
559 3337 626 3386 bunc
647 3338 814 3387 lautissimum
891 3340 958 3388 PDe
970 3338 1162 3401 Flaccilirlogu]
1181 3337 1238 3388 nih.
1250 3339 1389 3394 Carmen.

288 3418 365 3473 atque
380 3409 595 3472 elegantissimum
612 3413 710 3475 optime
728 3428 815 3462 emen·
858 3415 918 3465 Ode
930 3420 969 3464 19.
987 3417 1030 3464 uhi
1048 3417 1104 3465 haec
1119 3416 1215 3468 babet:
1231 3414 1242 3468 .‘
1252 3417 1296 3467 Da
1305 3417 1388 3470 Luem

289 3487 362 3536 darlt
380 3486 444 3536 Lud.
464 3487 595 3540 Rusurdne
614 3488 816 3538 Jurireousultus
857 3504 967 3553 propere
978 3504 1061 3553 norm,
1077 3492 1214 3542 Danoetis
1225 3493 1329 3555 mediae,
1346 3495 1389 3559 da,

213 3567 218 3580 ·
289 3575 322 3610 ex
332 3562 533 3611 tertiaVerrinrs
550 3561 628 3615 'i'rrllli
645 3563 679 3613 de
697 3565 818 3616 Proetum
857 3582 931 3630 puer,
953 3567 1056 3630 auguris
1067 3569 1202 3620 Muraenae.
1235 3571 1331 3620 Tribus
1342 3580 1389 3626 ant

289 3637 405 3698 urbana:
432 3652 481 3701 quo
499 3639 557 3687 loco
582 3646 671 3688 narrat
691 3655 817 3692 atrmmnm
851 3644 1388 3709 novemMiscentureyathispocularem-

289 3714 377 3762 Verris
388 3713 513 3777 flagitium
525 3717 550 3765 in
561 3716 729 3767 machinando
741 3725 818 3780 raptu
857 3719 949 3769 modin.
982 3719 1033 3770 Qui
1054 3721 1142 3770 Musae
1168 3729 1239 3770 emat
1265 3723 1389 3789 impares,

288 3789 349 3840 fitiae
360 3789 505 3840 Philodami
522 3790 617 3839 nobilis
633 3793 817 3855 Lampsaceni:
858 3794 956 3843 Temos
978 3801 1019 3843 ter
1038 3795 1141 3857 cyatho:
1163 3796 1290 3846 attonitos
1313 3808 1389 3862 petet
1422 3777 1428 3794 ⁸

288 3867 434 3917 ‘Heroum
443 3867 575 3928 audisset,'
584 3869 716 3917 mullerem
726 3870 819 3920 eximla
859 3871 949 3918 Vates.
981 3871 1049 3919 Tres
1066 3871 1186 3933 prohibet
1204 3886 1293 3937 supra,
1309 3876 1389 3928 tha.

289 3943 491 4008 pulchritudlne,
501 3942 547 3991 sed
559 3957 657 3992 summa
669 3945 819 4006 integritate
859 3959 914 3993 rum
926 3953 1055 4007 metuens,
1071 3947 1285 4009 :rugosarum
1302 3951 1388 4003 Nudis

289 4019 819 4092 pudlcitiaqueexistimari‚‘Verree‚sta·
852 4019 1110 4083 junctaSororibna.'-

290 4098 336 4145 tim
368 4097 401 4146 ad
430 4095 605 4147 Philodamum
632 4096 818 4160 commigravit,
890 4096 905 4126 't
922 4096 962 4144 De
973 4096 1054 4145 tieret
1073 4095 1175 4158 Ecloge]
1192 4098 1279 4148 Minos
1296 4103 1388 4154 existi·

291 4173 456 4242 apudquem'
468 4171 602 4239 Rubrium,
613 4173 620 4201 ‘
630 4171 736 4224 deliciae
749 4189 820 4239 anas,
858 4179 913 4227 mat
923 4173 1037 4238 eclogam
1048 4174 1090 4222 hic
1106 4175 1232 4239 appellari
1248 4175 1327 4229 dirior
1345 4185 1387 4234 rel
1485 4213 1486 4216 =
