2998 4884
277 361 342 442 ⁴82
746 378 902 434 susonu

278 519 439 587 Gramina
453 524 586 614 gustatu
601 523 781 602 postquam
796 521 950 585 exitialia
964 521 1080 588 Circes

278 621 457 704 Expertus,
472 628 605 703 carptas
619 620 821 684 moribundis
835 621 985 701 piscibus
998 620 1121 685 herbas

279 720 415 796 Sumsit,
432 718 642 801 Carpathium
659 720 763 783 subiit
776 721 1018 798 novusaocola
1033 728 1186 803 pontum.

278 817 344 882 Ille
358 818 466 882 hamis
480 825 515 882 et
528 822 597 881 rete
611 823 741 899 potens,
757 823 916 883 scrutator
929 819 1037 900 operti
1300 820 1367 888 280

278 917 419 995 Nereos,
434 935 623 999 aequoream
638 917 759 980 solitus
776 935 965 981 converrere
978 916 1122 1001 Tethyn,

278 1017 367 1082 Inter
382 1017 536 1099 captivas
551 1015 698 1080 fluitavit
711 1016 828 1098 preedo
843 1023 1021 1082 catervas..

277 1117 376 1181 Talia
389 1116 584 1197 despectant
596 1116 693 1196 longo
707 1134 769 1196 per
784 1115 910 1180 coerula
926 1121 1036 1180 tractu

277 1214 464 1282 Pandantes
478 1215 574 1278 saxis
589 1213 724 1278 instanti
739 1215 882 1279 culmine
897 1215 999 1280 villae.

278 1313 373 1390 Quas
387 1313 517 1376 medios
532 1311 655 1375 dirimit
670 1313 814 1378 sinuosis
829 1314 974 1378 flexibus
987 1333 1099 1380 emaus
1300 1313 1369 1380 285

277 1412 412 1478 Amnis:
435 1418 468 1477 et
483 1413 628 1476 alternas
644 1417 778 1475 comunt
791 1414 950 1494 praetoria
963 1413 1066 1495 ripas.

322 1512 411 1589 Quis
424 1511 522 1575 modo
537 1511 729 1574 Sestiacum
744 1512 885 1594 pelagus
897 1511 1125 1594 ¹Nepheleidos
1140 1510 1257 1576 Helles

276 1709 331 1758 nius
339 1723 382 1774 per
391 1722 456 1758 rause
470 1709 600 1758 Boeaticsrs
607 1712 739 1770 Μᾳωιι,
753 1706 858 1765 matis
868 1705 945 1756 tertis
955 1706 1062 1755 letalibus
1073 1707 1165 1768 Circes,
1175 1704 1274 1754 eomedit
1284 1705 1369 1755 tesius

277 1771 435 1834 quasviderut
449 1773 514 1834 carpi
524 1770 648 1833 apiscitur
663 1768 815 1829 moribsadis,
825 1784 898 1816 noers
912 1769 1033 1818 habitator
1047 1769 1166 1830 ingressae
1176 1774 1209 1816 est
1224 1782 1288 1816 mars
1306 1771 1368 1817 Car·-

273 1835 389 1897 patlsisar.
421 1835 466 1883 lite
475 1836 564 1895 peritas
578 1833 684 1896 piscandi
694 1831 769 1880 dosis
783 1837 807 1880 et
816 1831 914 1893 retibus,
921 1833 1102 1881 rimatorrrraris
1117 1832 1206 1891 iniisti,
1223 1830 1264 1894 qui
1278 1831 1369 1880 solam

275 1898 407 1959 depredari
420 1898 510 1959 Tethyn
520 1897 646 1956 mnsam,
656 1893 748 1943 movit
758 1895 808 1954 ipse
815 1895 936 1956 proedator
946 1895 1009 1943 ister
1023 1909 1109 1955 greges
1117 1894 1226 1956 ριίσίιιπι,
1239 1908 1296 1955 quos
1310 1894 1368 1942 oiim

276 1963 379 2021 aspera.
412 1959 556 2021 Huiusmodi
572 1958 701 2019 pertaesis
717 1958 814 2016 desuper
833 1956 949 2018 aspiciunt
964 1959 1027 2006 eilia
1044 1958 1268 2018 ingredimar
1289 1955 1369 2004 sirius

274 2025 359 2084 pingas
367 2023 421 2071 sita
429 2023 456 2071 in
466 2022 571 2084 rupibus,
581 2035 678 2083 passm
689 2019 794 2079 fastigia
807 2019 930 2068 irsrairrest
939 2019 1026 2082 fissia.
1061 2021 1127 2074 Qrur
1140 2019 1332 2081 sspuratstsairrs
1340 2021 1369 2068 ia

276 2087 352 2134 sardio
360 2100 441 2133 esrum
451 2099 547 2134 enarras
557 2084 635 2132 emis
645 2081 805 2142 affrodibss:
816 2086 841 2131 et
848 2083 942 2130 melis
951 2087 1067 2130 exararat
1077 2083 1142 2144 ripas
1151 2083 1205 2130 dias
1215 2081 1281 2130 isds.

309 2148 428 2206 Quirina
437 2148 571 2196 admiretur.
576 2148 673 2206 pingue
687 2145 761 2205 Serti,
776 2157 840 2193 arare
856 2145 938 2193 Helles
946 2145 1009 2208 fitia
1028 2145 1155 2208 Nepbslss,
1165 2144 1257 2206 fretm
1270 2145 1370 2205 isonis

277 2376 613 2430 mavultAccursios.-281
633 2378 774 2426 Caeratea
791 2377 950 2438 vulp—288
969 2378 1029 2434 Quis
1038 2379 1140 2428 miratur
1150 2379 1227 2442 Valg.
1261 2378 1370 2430 Rectius

767 2520 875 2572 NOTAE

273 2633 329 2696 jam
350 2637 485 2697 antequam
503 2632 616 2696 Scyllam
636 2630 752 2691 vidisset,
773 2637 801 2680 et
842 2631 909 2694 quod
921 2631 1040 2681 usitatius
1048 2637 1095 2682 est.

277 2708 383 2758 adiisset
395 2709 497 2770 Circen,
505 2715 630 2757 mutatum
642 2705 731 2767 foisse,
742 2721 801 2755 cum
870 2709 918 2755 281
936 2707 1025 2755 Solitas
1034 2705 1180 2767 converrere]
1207 2705 1308 2767 Sagana
1319 2718 1368 2754 seu

275 2782 370 2832 missor
379 2784 487 2846 piscium
495 2791 589 2832 sortem
597 2782 690 2830 herbas
702 2788 800 2843 gustas·
839 2780 967 2828 verriculo
977 2782 1060 2843 pisces
1073 2778 1105 2827 ad
1115 2779 1187 2829 littus
1199 2779 1310 2829 trabere.

275 2865 325 2917 set,
342 2858 462 2907 virtutem
475 2872 562 2907 aarum
574 2863 736 2918 experturus.
871 2859 919 2905 282
931 2857 999 2904 later
1007 2855 1121 2918 captivas,
1129 2857 1170 2918 tp.
1180 2853 1297 2917 merrus]
1308 2855 1370 2903 Coe·

306 2934 355 2980 218
368 2931 480 2993 Cas-ptus]
498 2929 800 2991 Tsetcssutsaltemsap·
838 2930 878 2994 pit
897 2936 987 2979 natare
1006 2929 1076 2980 iuter
1094 2930 1190 2993 pisces,
1210 2943 1274 2992 quos
1294 2930 1369 2992 prius

274 3012 312 3056 tur
333 3006 470 3068 legendum
496 3014 572 3074 putat
596 3005 704 3054 Accurs.
730 3004 800 3069 qood
839 3010 954 3068 ceperat,
982 3011 1010 3053 et
1035 3003 1080 3067 qai
1107 3005 1223 3066 gramina
1245 3008 1369 3052 canneto

275 3079 348 3142 carpi
366 3092 382 3127 s
397 3079 511 3141 piscibus
526 3079 658 3141 precipue
669 3078 798 3127 moribun-
838 3080 902 3128 mari
913 3078 1009 3129 redditi
1020 3077 1132 3126 fuerant.

276 3151 316 3200 dis
326 3150 419 3199 herbas
433 3150 572 3200 verisimile
584 3164 634 3198 nou
643 3151 686 3211 sit,
695 3157 721 3198 et
730 3150 799 3214 quod
870 3157 917 3202 set
931 3154 997 3207 Qrur
1006 3152 1096 3200 sardius
1104 3149 1204 3214 dirimit,
1213 3153 1284 3213 &aet
1294 3152 1369 3199 alter·

276 3223 386 3274 Ovidius
392 3223 501 3274 babeatr
512 3223 648 3273 ‘Gramine
658 3223 798 3286 contacto‚’
837 3239 881 3274 sss
890 3230 982 3275 amant
991 3226 1102 3287 pataria
1112 3225 1188 3288 ripas]
1208 3226 1369 3290 Expreasum

275 3303 421 3358 nonautem
433 3301 548 3360 (inepto,
563 3297 657 3359 ‘coepit
667 3309 798 3360 meapte·
838 3313 870 3348 ex
886 3301 936 3347 lroc
954 3299 1033 3349 Statii
1052 3300 1078 3348 in
1096 3299 1236 3348 Tiburtino
1254 3299 1365 3347 Manlii:

275 3372 309 3421 da
319 3372 432 3422 moveri-⁹
463 3371 584 3424 Quodis
601 3371 797 3422 mediumreliu-
838 3373 915 3423 ‘Nee
936 3381 963 3424 te
986 3373 1133 3425 mitissimus
1153 3373 1234 3422 amnis
1252 3372 1367 3436 Dividit,

276 3463 336 3513 quo.
837 3446 1368 3511 alternasservanrprerortsrtpassProe·

307 3521 322 3554 i
338 3526 386 3571 2⁷9
404 3522 558 3585 Carpathium
570 3522 678 3585 mura]
701 3522 796 3584 carpa-
837 3525 903 3573 toria
922 3529 983 3573 runt
1001 3537 1094 3586 magna
1110 3529 1138 3572 et
1156 3529 1286 3573 sumtuosa
1302 3523 1367 3572 aedi-

274 3597 332 3646 tbus
344 3595 528 3646 Mediterranei
539 3597 615 3646 maris
625 3597 717 3659 insula,
731 3597 798 3645 Rbo·
835 3597 904 3661 licia,
914 3613 970 3663 quae
983 3598 1020 3646 ita
1028 3598 1113 3646 vicina
1124 3597 1151 3646 in
1163 3598 1282 3649 Mosellae
1291 3598 1366 3662 ripis,

274 3670 335 3720 dum
356 3671 425 3720 inter
441 3678 470 3722 et
489 3672 611 3732 Cretam
630 3671 705 3720 bodie
725 3672 797 3720 Scar-
835 3679 865 3722 ut
879 3674 930 3721 slia
940 3673 973 3722 ab
983 3672 1050 3730 aliis.
1069 3679 1114 3721 aut
1130 3673 1223 3722 saltem
1237 3671 1297 3722 iude
1308 3687 1366 3722 sur-

271 3751 352 3810 parto.
835 3761 898 3810 gena
908 3745 992 3797 fumos
1004 3747 1119 3809 conspici
1130 3748 1220 3810 possit,
1234 3747 1368 3810 gliscenti·

305 3821 388 3868 Nossa
408 3819 497 3882 amab]
529 3820 607 3870 Ovid.
632 3820 713 3870 babet
733 3821 794 3870 bier
835 3822 883 3872 bus
899 3823 969 3872 iuter
979 3823 1092 3872 Francos
1101 3827 1128 3870 et
1138 3821 1269 3871 Romanos
1278 3821 1369 3885 bellis,

272 3892 345 3943 ‘Alti
363 3909 442 3944 novas
460 3895 544 3945 incola
563 3893 654 3958 ponti?
691 3894 796 3956 Mallos,
833 3896 861 3944 in
880 3910 964 3957 arces,
982 3897 1111 3959 specular,
1126 3896 1287 3946 muniments
1304 3911 1365 3948 era·

272 3970 404 4020 incolebat
425 3971 492 4019 anim
518 3983 588 4018 mare
612 3971 682 4018 Deus
704 3969 795 4030 frctus,
834 3971 897 4020 sisse
910 3969 991 4018 refert
1001 3969 1137 4018 Freberos.

274 4045 340 4108 quod
352 4044 715 4109 priuspiscatcraccoluerst.
865 4047 913 4093 28⁷
939 4043 1000 4099 Quis
1021 4045 1087 4092 modo
1107 4042 1238 4094 &dinem
1256 4045 1367 4108 pelagus,

236 4169 244 4178 ,
304 4122 353 4168 28⁰
369 4118 531 4184 Retepoters]
555 4117 795 4182 Ablatlr.prorstt‚
833 4115 887 4181 lfa]
912 4117 952 4168 Ex
969 4116 1060 4168 eodem
1077 4116 1163 4170 Statio
1180 4119 1207 4170 iu
1221 4119 1364 4172 'tiburtina
