3034 4878
305 371 376 438 858
482 369 485 382 '
771 381 927 430 sosorrrr

352 639 542 690 sosorrros
567 639 707 688 usrrno
732 636 877 686 ascaro
902 634 1107 697 narasnro,
1130 633 1243 682 oraro.
1292 615 1361 680 471

352 773 424 840 cnr
440 775 531 840 dono
545 773 695 858 lepidum
708 791 831 839 novum
846 771 1020 836 libelluml

351 874 558 940 Veronensis
573 875 738 958 aitpoeta
753 873 939 958 quondam:

353 974 563 1061 Inventoque
579 977 672 1042 dedit
687 976 804 1041 statim
819 974 959 1058 Nepoti.

352 1077 401 1143 At
415 1097 475 1142 nos
489 1078 675 1162 illepidum,
690 1077 804 1142 rudem
818 1075 979 1154 libellum,

353 1178 491 1257 Burrus,
507 1179 720 1262 quisquilias,
734 1177 954 1262 ineptiasque,

354 1278 536 1344 credemus
551 1281 676 1362 gremio
692 1279 747 1343 cui
761 1278 962 1343 fovenduml

292 1391 295 1396 '
354 1380 484 1458 Inveni,
498 1381 638 1465 trepidae
652 1380 747 1444 silete
761 1399 872 1461 nugae,

356 1481 389 1546 N
392 1501 432 1547 ec
447 1481 585 1547 doctum
599 1484 720 1559 minus,
735 1487 771 1546 et
785 1481 893 1562 magis
905 1480 1093 1562 benignum,

353 1584 465 1664 Quom
479 1603 578 1668 quem
593 1583 708 1649 Gallia
722 1582 869 1666 praebuit
884 1581 1030 1647 Catullo.

354 1686 437 1752 Hoc
452 1686 561 1750 nullus
576 1685 656 1750 milri
671 1686 779 1753 carior
794 1705 952 1750 meorum.

356 1788 464 1868 Quem
480 1787 585 1872 pluris
600 1787 729 1852 iaciunt
743 1806 864 1852 novem
879 1788 1026 1864 Sorores,

359 1889 470 1969 Quam
485 1895 623 1954 cunctos
639 1888 738 1968 alios,
752 1887 893 1953 Marone
907 1889 1033 1953 demto.

313 2077 316 2083 '
348 2076 530 2127 cadomum
541 2075 712 2126 natitatem
721 2072 853 2136 saetam?
879 2074 1099 2138 Dicitolisrrpoi'ta
1114 2075 1266 2132 Veronensist
1281 2074 1413 2123 etdmorit

316 2153 370 2190 ara
379 2142 445 2191 illics
458 2141 558 2206 Nepoti,
568 2142 646 2191 auimo
657 2155 697 2190 stro
707 2140 849 2190 ammi.
884 2140 969 2188 Ver-toa
987 2140 1081 2188 msam
1100 2154 1143 2201 ego
1154 2140 1299 2189 committam
1311 2138 1415 2187 libanam

316 2205 379 2255 hnc
398 2205 519 2270 inficetum
535 2211 560 2256 et
573 2205 705 2269 implum
721 2205 814 2268 plenum
825 2217 961 2266 gerrontm,
978 2203 1167 2267 qaispritioram,
1185 2208 1209 2252 et
1226 2203 1416 2266 ineptioramt

314 2283 367 2320 m
377 2270 460 2330 foreat
477 2271 503 2320 ia
514 2267 589 2322 aaa?
609 2270 686 2332 Nega
705 2284 763 2319 mea
779 2284 831 2332 qao
846 2267 947 2317 mana
964 2268 1046 2330 eratin
1057 2273 1139 2319 tacete.
1173 2268 1260 2330 Repert'
1274 2267 1355 2316 cirson
1369 2281 1416 2316 aon

316 2333 394 2382 adana
404 2335 531 2398 mmor,
539 2339 563 2384 et
573 2335 651 2396 magis
659 2333 802 2397 heraclam,
811 2347 880 2396 qaam
896 2347 949 2381 eum
965 2348 1033 2395 pem
1052 2332 1133 2381 Gallia
1143 2332 1302 2396 suppeditavit
1315 2331 1417 2380 Catullo.

317 2397 394 2447 Nemo
401 2413 503 2448 mrum
513 2403 549 2448 est
560 2397 618 2448 mitt
636 2398 714 2447 carim
723 2399 774 2448 cllo.
810 2398 886 2454 Quem
898 2397 1017 2446 Comana
1026 2397 1105 2462 pluris
1115 2397 1235 2446 adiuuat
1246 2411 1318 2461 quota
1327 2401 1416 2446 ceteros

777 2555 955 2576 W

351 2661 368 2708 o
384 2655 547 2722 Alil,greats'o
557 2658 683 2722 caina—Y
695 2658 773 2710 Tollil
789 2658 831 2711 ad.
840 2659 921 2710 habet
939 2661 1032 2724 Incmi,
1043 2659 1210 2724 trepidesr‘lete
1225 2663 1310 2709 sada.
1333 2659 1419 2710 Codd.

808 2807 916 2860 NOTAE

351 2919 447 2983 Latino,
458 2917 511 2982 tra]
527 2916 554 2968 Is
572 2925 615 2969 est
631 2919 776 2969 Proconsrrl
796 2917 846 2967 Pa·
887 2918 1024 2985 qnidorros
1042 2933 1074 2968 ex
1093 2915 1216 2968 idiomate
1235 2931 1281 2966 suo
1301 2925 1415 2981 nossent,

319 2994 465 3058 negyristes
474 2993 619 3055 Theodosii,
634 2994 666 3043 ad
679 3009 754 3058 qoem
765 2991 847 3044 Auso·
884 3009 970 3056 ger-ras
987 2995 1145 3058 ignorarent,
1160 2993 1187 3042 iu
1209 2991 1293 3042 lurra
1312 3006 1419 3043 conver·

319 3070 376 3124 nius
388 3069 470 3119 mittit
480 3069 568 3118 ludom
578 3069 738 3134 Sapieotum.
888 3069 978 3120 terint.
1010 3070 1054 3119 De
1068 3069 1161 3120 Gerris
1180 3069 1291 3118 Festus:
1307 3068 1416 3119 ‘Gerra

353 3143 659 3209 Ueronensisoitpoiito]
678 3143 848 3196 C.V.catul·
888 3143 981 3195 Grates
1002 3145 1130 3195 vimineae.
1164 3142 1338 3194 Athenienses
1359 3159 1418 3196 cnm

319 3219 361 3270 lus
372 3217 450 3283 Epig.
460 3233 481 3268 1.
887 3221 1026 3284 Syracusas
1037 3221 1198 3282 obsiderent,
1214 3224 1242 3270 et
1252 3219 1346 3271 crebro
1361 3233 1418 3286 ger·
1499 3251 1500 3254 =

353 3297 369 3342 8
387 3293 487 3358 Nepote]
504 3295 742 3359 ComelioNepoti,
753 3295 850 3360 quivi·
890 3310 930 3348 ras
948 3306 1096 3361 poscerent,
1111 3296 1248 3346 irrldentes
1265 3297 1347 3346 Siculi
1362 3311 1418 3361 ger·
1499 3337 1500 3348 ,

322 3373 362 3417 tas
374 3369 555 3418 excellentium
565 3371 755 3436 Imperatorum
769 3372 850 3438 scrip·
890 3387 932 3424 ras
944 3373 1122 3424 clamitabant.
1154 3371 1232 3422 Unde
1251 3371 1350 3422 factam
1366 3379 1418 3436 est,

322 3443 365 3494 sit.
890 3458 919 3500 ot
931 3465 1015 3516 gerrae
1027 3465 1075 3515 pro
1086 3449 1170 3513 nugis,
1186 3456 1215 3499 et
1230 3453 1364 3500 contemtu
1379 3450 1417 3499 di-

355 3518 492 3582 oBrrrrar]
507 3519 567 3570 Vox
579 3521 627 3571 soli
637 3521 764 3586 Ausonio,
773 3529 801 3574 et
811 3539 849 3574 so·
890 3523 1001 3577 cantur?
1033 3514 1261 3591 Datquisquiliis'
1279 3523 1347 3574 idem
1359 3525 1418 3575 Fas·

322 3597 348 3645 lo
358 3595 481 3658 hocloco,
491 3601 624 3659 usurpata.
657 3594 849 3648 Aburrhosvel
891 3607 949 3650 tos:
981 3600 1156 3666 ‘Quisquilire
1195 3600 1246 3651 dici
1283 3607 1417 3664 potantur,

321 3669 411 3734 burra,
428 3677 502 3722 veste
512 3671 605 3735 viliori,
621 3679 650 3721 et
667 3673 727 3736 pilis
746 3672 853 3737 lrirsuts,
892 3677 1015 3742 quioquid
1043 3692 1075 3727 ex
1101 3676 1237 3727 arboribus
1261 3678 1417 3728 surculorum

323 3747 429 3798 deducit
451 3748 598 3814 Calepinns.
631 3747 672 3798 Ex
692 3747 851 3814 Aquitanico
891 3751 1045 3803 foliorumve
1057 3753 1144 3804 cadit!

323 3822 447 3873 idiomate
456 3825 568 3888 petitam
585 3825 617 3876 ab
629 3825 746 3876 Ausonio
764 3826 852 3877 existi·
924 3831 1036 3886 9Qoam
1056 3845 1123 3895 quem
1146 3829 1239 3893 Gallio]
1262 3827 1418 3893 Cisalpinam

323 3904 377 3951 mat
387 3900 512 3965 Scaliger,
528 3901 572 3967 qui
584 3902 663 3952 etiam
673 3902 751 3952 hodie
765 3903 853 3967 ‘qois·
893 3913 921 3956 et
940 3905 1066 3970 Togatam
1084 3907 1210 3972 intellige.
1243 3907 1307 3956 Erat
1324 3907 1417 3973 quippe

323 3975 427 4040 quilias’
440 3977 473 4027 ab
485 3977 620 4042 Aquitanis
638 3976 690 4030 dici
707 3979 791 4030 tarro
807 3980 852 4032 ait.
892 3997 926 4033 ex
937 3996 968 4033 ea
988 3983 1075 4034 Gallia
1093 3983 1227 4034 Cornelius
1243 3979 1335 4045 Nepos
1355 3981 1418 4032 Padi

325 4051 414 4101 Facile
425 4051 580 4102 crediderim
591 4055 717 4119 scriptum
729 4055 808 4107 foisse
820 4057 853 4107 ab
894 4059 992 4121 accola,
1018 4064 1055 4121 et,
1082 4071 1114 4108 eo
1139 4059 1251 4122 nomine,
1275 4057 1416 4109 Veronensi

325 4122 440 4177 Ausonio
472 4128 564 4177 Gerros
602 4129 720 4179 Latinam
753 4145 852 4196 vocem,
894 4131 995 4184 Catullo
1005 4132 1100 4184 carior.

327 4213 403 4264 qoam
425 4202 600 4266 exscriptores
624 4201 747 4269 Aquitani
767 4206 854 4272 aliqui,
