3026 4898
560 369 741 424 nurture.
1136 359 1201 428 bbti

105 508 131 573 J
132 507 231 577 udice
245 511 309 574 sub
325 514 418 574 tanto
433 509 525 578 tandi
543 515 653 579 tamen
672 514 821 598 accipiet
1042 517 1114 602 jus.

107 607 247 693 Quippe
260 616 294 678 et
308 608 456 676 ridiculis
472 610 551 678 deta
565 612 684 696 gloria,
703 615 739 680 ni
753 614 908 700 prohibet
1032 618 1114 684 sors.

104 757 174 806 eterra
183 757 296 816 eertbm,
307 761 385 806 tumeo
398 758 511 808 obtinebit
521 762 612 810 cenum
622 763 730 826 homati
746 766 809 826 opud
816 769 908 816 tanturn
918 763 1031 826 jadicem.
1063 765 1127 818 boo
1137 769 1199 818 ertio

103 836 149 872 etta
158 821 292 872 committer
302 822 373 872 etium
383 823 479 872 &dictu
488 825 566 889 rebor,
575 826 729 886 ubifurtm
738 833 813 882 root.

465 1077 514 1124 nn
537 1077 719 1128 nnusnrs.
761 1064 836 1132 341.

106 1201 451 1287 Innrcaninpueris
465 1209 635 1290 septennia
650 1208 758 1291 prima
769 1230 880 1278 novus
941 1289 944 1296 Ι
1032 1215 1114 1280 deus

106 1303 284 1370 Pubentes
298 1324 402 1370 annos
418 1308 585 1374 robustior
599 1309 762 1393 anticipat
1035 1334 1115 1380 vox.

104 1403 242 1470 Invicta
253 1411 286 1472 et
300 1407 422 1486 ventis,
444 1415 479 1473 et
493 1409 630 1486 solibus,
652 1415 703 1474 est
717 1409 882 1476 hominum
1011 1415 1114 1480 frons.

105 1506 454 1574 Edurumnervicum
466 1509 595 1574 viscere
610 1511 803 1575 consociant
1065 1534 1114 1579 os.

104 1608 262 1690 Palpitet
281 1607 456 1691 irrequies,
478 1615 639 1692 vegetum,
660 1615 758 1688 teres,
779 1630 865 1692 acre,
887 1615 1001 1678 calens
1044 1635 1114 1680 cor.
1177 1619 1200 1680 5

104 1707 205 1772 Unde
220 1709 331 1789 vigent
345 1727 474 1786 sensus,
495 1709 697 1775 dominatrix
712 1730 798 1805 quos
812 1721 942 1795 vegetat
1005 1736 1113 1794 mens

103 1809 220 1894 Atque
234 1808 271 1873 in
285 1811 388 1875 verba
403 1809 504 1876 reiert
517 1809 692 1876 modulata
705 1811 777 1894 lege
790 1812 918 1894 loquax
1064 1835 1113 1882 os.

135 2010 205 2058 Deire
215 2013 338 2058 reaoootrrr
346 2009 447 2059 otendit
464 2009 492 2058 iot
508 2009 589 2072 puerit
604 2013 699 2058 oetotear
718 2015 806 2073 rmum
822 2026 950 2062 cumeum:
966 2027 1013 2062 uox
1024 2015 1128 2076 vegetior
1138 2029 1199 2077 pru.

102 2075 248 2122 mitaneas
256 2073 397 2135 pubertatis.
429 2073 508 2122 Fruar
516 2074 634 2121 tomtuaor
643 2077 679 2121 at
688 2075 780 2138 pntieae
790 2079 920 2132 uentorum,
931 2081 955 2124 et
963 2076 1035 2125 Solis.
1059 2078 1136 2126 Nerui
1146 2094 1200 2127 eort-

100 2141 201 2186 neetrurt
211 2151 237 2185 oe
247 2139 332 2184 darum
341 2151 393 2186 caru
402 2151 479 2190 corne.
513 2138 560 2185 Gor
570 2136 683 2198 mudum,
693 2139 826 2198 ruarmo,
836 2153 900 2199 acre,
910 2139 1021 2199 tabidum,
1034 2146 1139 2193 moretur
1149 2143 1199 2192 riae

101 2201 191 2263 quiete.
213 2201 237 2249 A
247 2215 291 2263 quo
300 2214 379 2249 emeat
389 2202 493 2262 oigmem
504 2200 632 2264 arripiant,
643 2214 698 2262 quot
708 2200 800 2250 cumae
808 2202 940 2252 dooniautor
949 2203 1064 2270 sirmam,
1074 2210 1097 2254 et
1107 2219 1132 2253 oe
1140 2203 1199 2267 εὰν-

101 2265 183 2314 ntum
192 2263 307 2326 mussent
316 2264 342 2314 iu
352 2279 418 2314 corea
434 2265 539 2314 aarum
548 2263 742 2328 armacenos.
774 2265 819 2316 Fet
832 2267 952 2325 cenom,
970 2282 1039 2332 qaum
1053 2282 1128 2332 porca
1143 2281 1201 2332 part

565 2407 745 2429 mm

135 2491 226 2541 a‘nt
236 2491 320 2540 duram
334 2491 413 2555 nuci]
430 2491 516 2541 Valde
534 2489 595 2541 milri
611 2491 708 2554 placet,
725 2489 794 2555 quod
814 2489 840 2540 in
858 2490 971 2542 secundo
983 2491 1109 2543 Vossianc
1128 2493 1199 2557 lege·

103 2555 193 2615 betur,
210 2555 319 2604 lidorum
328 2556 404 2618 urci,
420 2556 459 2617 850.
491 2554 535 2605 Sic
546 2561 575 2604 ut
586 2556 694 2605 Eburum
711 2555 754 2617 eit,
772 2555 846 2605 vulbe
858 2557 965 2611 durum:
983 2561 1010 2604 et
1021 2555 1123 2606 videtur
1134 2559 1199 2606 alise

102 2632 242 2682 superesse
253 2619 356 2681 copula,
372 2633 431 2669 cnm
448 2617 542 2684 singuli
561 2632 634 2684 paene
652 2633 741 2669 versae
751 2619 870 2670 distincti
879 2618 947 2672 aint.'
966 2618 1109 2673 Tobiae-b
1126 2621 1199 2670 Idem

102 2683 227 2735 Vossian.
239 2681 336 2733 codex:
354 2681 415 2748 quie.

599 2791 709 2843 NOTIE

136 2887 267 2938 llrdicut
286 2889 313 2938 to
332 2887 421 2951 patria
440 2888 494 2952 lfa]
515 2889 559 2939 De
585 2887 633 2937 hoc
673 2885 746 2948 endi,
755 2884 788 2935 ed
799 2884 999 2948 dignoscendam
1008 2897 1095 2933 eorum
1107 2885 1201 2947 puber·

101 2962 272 3014 consimiliter
283 2961 459 3027 Hippocrates
474 2965 520 3015 lib.
532 2964 565 3014 de
576 2977 634 3027 sep·
674 2966 766 3022 tatem,
783 2964 813 3009 nt
822 2959 903 3009 refert
915 2960 970 3022 ipae
982 2957 1066 3008 luerit.
1084 2957 1200 3010 ‘Quibus

103 3037 216 3088 timeetri
227 3042 313 3101 partu,
329 3043 357 3087 et
369 3037 437 3088 Gell.
448 3039 495 3088 lib.
505 3052 549 3090 ιιι.
567 3036 633 3086 affir-
673 3036 754 3085 modis
773 3035 855 3086 tutela
872 3034 979 3086 finitur!
1011 3035 1069 3084 Vox
1080 3049 1157 3099 porro
1172 3041 1203 3085 nt

102 3118 186 3174 ruent,
211 3125 279 3162 annc
300 3112 375 3175 pueri
395 3112 515 3175 septimo,
539 3112 634 3175 primos
673 3110 774 3159 Plinius
785 3108 869 3159 refert
885 3109 931 3159 lib.
940 3123 972 3160 rr.
990 3123 1014 3160 o.
1026 3113 1066 3158 bl.
1087 3108 1201 3160 roborari

103 3188 158 3256 ejus
170 3187 265 3236 dentes
276 3186 380 3250 cadere,
390 3193 418 3236 et
429 3187 492 3236 alico
501 3187 608 3236 renasci.
673 3185 765 3248 incipit
773 3199 839 3234 anno
849 3185 949 3235 decimo
961 3185 1048 3234 tertio.

135 3263 150 3294 ²
165 3263 299 3326 Septentrio
311 3263 391 3326 primo
400 3277 473 3313 aoros
483 3261 551 3326 deus]
567 3263 634 3314 llaec
706 3258 722 3289 ⁹
737 3265 753 3309 b
770 3260 922 3323 totietate.
933 3259 1052 3310 terrim
1064 3257 1145 3324 [mro]
1160 3259 1201 3308 De
1224 3313 1225 3318 ,

97 3338 176 3402 juxta
195 3339 296 3391 Solonis
315 3339 482 3401 sententium,
499 3339 573 3402 cujup
590 3352 634 3388 ex·
672 3333 737 3384 miro
747 3334 823 3398 pellit
835 3332 943 3384 artificio
960 3334 1066 3382 consule
1083 3347 1140 3398 quse
1157 3333 1202 3384 bn-

102 3421 143 3464 tat
153 3414 223 3479 apud
240 3416 400 3465 Clementem
419 3415 513 3465 strom.
531 3413 577 3464 lib.
594 3426 633 3465 vr.
673 3408 720 3459 bet
731 3410 770 3458 vir
780 3409 820 3458 Cl.
830 3409 943 3458 Fenelon
955 3408 981 3457 iu
992 3408 1057 3457 libro
1068 3421 1145 3472 quem
1162 3407 1200 3454 iu-

103 3491 206 3555 Elegim
222 3505 275 3555 que
291 3496 395 3540 etatum
410 3490 566 3540 mutationes
586 3503 634 3553 per
674 3483 779 3547 scripsit
793 3483 801 3513 ‘
814 3483 846 3534 de
857 3483 998 3534 existentia
1008 3483 1080 3545 Dei,'
1096 3485 1165 3547 part.
1178 3487 1202 3532 1.

103 3564 242 3636 septennia
251 3562 308 3612 fieri
316 3563 404 3615 dccet.
430 3563 519 3613 Primo
531 3561 634 3628 quidem
674 3558 717 3608 lbi
727 3560 809 3608 mults
820 3559 927 3610 Ausonii
939 3559 1050 3610 carmen
1061 3557 1112 3608 ‘de
1123 3571 1201 3608 mem·

104 3639 243 3703 septennio
272 3636 365 3688 dentes
391 3651 471 3688 novoe
498 3649 635 3702 apparere,
674 3633 917 3687 brit'illnstrantin.

103 3715 186 3763 altero
201 3712 368 3778 pubertatem
387 3713 459 3776 oriri,
475 3713 554 3763 tertio
572 3712 635 3763 deu·
704 3713 721 3760 t
739 3709 858 3774 Eburum]
875 3709 906 3759 ld
918 3715 968 3774 eat,
982 3709 1058 3760 valde
1069 3709 1170 3760 durum.

105 3803 159 3838 secr
171 3788 261 3838 barbae
272 3790 452 3851 segetemtre.
708 3784 797 3848 Neruo]
813 3785 943 3835 Tendinet
960 3784 1086 3849 intellige¹
1110 3783 1202 3850 qrribus

136 3867 153 3916 2
169 3862 385 3926 Pubeatercaaoe]
401 3863 540 3913 Decimum
558 3877 633 3927 quer·
674 3863 828 3914 insertiones
838 3865 1010 3913 musculorum
1019 3863 1046 3911 in
1061 3875 1118 3912 osta
1127 3859 1201 3909 finnt.

106 3945 162 3989 tum
190 3939 363 4001 completum:
391 3938 460 4002 quod
487 3938 633 4003 pubertatis
708 3937 958 4002 Camoteeere10nm
980 3949 1059 3987 carne
1075 3935 1203 3984 musculo·

104 4022 210 4078 tempua
231 4013 380 4077 Imperator
399 4013 491 4063 statuit
517 4019 643 4082 naturum¹
674 4027 740 4074 rom,
752 4026 810 4078 quse
822 4013 914 4076 visens,
928 4019 956 4062 et
967 4013 1046 4076 pulpa
1056 4009 1159 4059 dicitur.

103 4097 210 4144 secutur
229 4089 332 4154 ducem,
347 4089 449 4140 sublato
471 4090 542 4152 turpi
563 4102 634 4139 more
706 4083 1085 4149 'tMmoatotogetooooxoo1
1102 4083 1203 4132 Eumo-

104 4167 308 4220 adolescentium
324 4178 432 4230 corpore
450 4165 519 4215 unda
535 4165 637 4230 inspici·
675 4163 773 4216 dulutio
785 4179 818 4214 ex
828 4165 926 4215 duobus
937 4164 1047 4213 maxime
1061 4158 1202 4224 proticisci·

1336 4289 1501 4450 s
