3034 4878
540 353 593 402 AD
615 351 827 405 absumunt.

142 501 296 584 Lataque
310 496 468 564 distantis
481 495 593 582 pelagi
607 497 751 564 divortia
766 498 912 583 complet

142 604 232 668 Orbe
246 620 308 666 suo
322 599 418 664 finem
431 618 559 684 ponens
573 601 606 663 iu
620 600 727 665 limite
741 602 880 666 mrmdit

139 703 197 770 An
211 703 284 780 tibi,
300 704 347 766 mi
362 702 505 767 Domine
517 703 665 779 illustris,
680 703 710 767 si
725 703 870 768 scribere
884 705 930 768 sit
943 725 1047 784 mens,

141 799 221 879 Qua
233 802 368 883 regione
381 801 522 880 habites,
538 803 670 885 placeat
682 803 818 868 reticere
831 806 989 871 nitentem

142 904 368 986 Burdigalam,
383 909 415 968 et
428 904 544 987 piceos
559 905 655 968 malis
668 904 860 972 describere
874 906 1006 991 Bojoat

141 1004 291 1088 Cumque
306 1004 518 1088 Marojalicis
532 1011 591 1070 tua
602 1006 753 1090 prodigis
767 1009 836 1074 otia
850 1009 997 1088 thermis,

143 1106 234 1196 Inter
249 1116 283 1171 et
296 1107 471 1172 umbrosos
486 1107 590 1172 donas
605 1107 668 1172 tibi
681 1109 795 1174 rivere
807 1110 912 1189 lucos,

140 1208 239 1274 Laeta
248 1209 344 1287 locis,
359 1215 394 1273 et
407 1209 492 1273 mira
505 1210 620 1274 colens
633 1211 828 1276 habitacula
840 1212 940 1278 tectis
951 1234 961 1294 ;

141 1299 477 1394 Nigrantesne'casas
491 1317 637 1376 attexta
648 1313 796 1398 mapalia
808 1314 932 1392 culmo,

140 1410 318 1496 Dignaque
331 1411 457 1496 pellitis
469 1413 604 1478 habitas
619 1414 751 1480 dasena
764 1415 934 1498 Bigerrisl

141 1511 273 1597 Quique
285 1517 427 1597 superba
438 1521 506 1580 tuae
522 1518 702 1581 contemnis
715 1518 840 1581 moenia
853 1517 974 1582 Romae

141 1614 284 1694 Consul,
300 1634 458 1680 arenosos
472 1637 548 1682 num
559 1616 737 1698 dedignare
752 1615 922 1698 Vesatast

143 1715 208 1780 Vel
221 1716 302 1798 quia
313 1715 496 1781 Pictonicis
509 1717 571 1781 tibi
584 1717 690 1782 fertile
703 1737 760 1781 rus
774 1717 859 1783 viret
872 1717 975 1796 arvis,

141 1817 335 1883 Rauranum
349 1817 517 1884 Ausonias
528 1820 594 1884 buc
609 1819 789 1884 devexisse
803 1820 932 1884 curules

141 1920 350 2004 Conquerar;
372 1927 405 1986 et
418 1924 565 1987 trabeam
579 1922 685 1988 veteri
699 1922 888 1986 sordeseere
898 1923 1030 2005 pannot

140 2019 230 2100 Quae
245 2027 353 2087 tamen
367 2031 509 2108 augusta
522 2023 667 2089 Latiaris
680 2023 716 2087 iu
726 2025 811 2089 urbe
827 2022 962 2102 Quirini
1091 2051 1092 2058 ¹

137 2121 315 2188 Caesareas
330 2124 523 2210 interparili
536 2125 635 2189 titulo
648 2126 815 2208 palmatas

140 2223 259 2306 Fulget
269 2225 304 2288 iu
317 2226 432 2290 attrito
440 2226 573 2309 longum
587 2229 786 2294 venerabilis
801 2247 894 2304 auro,

140 2325 331 2400 Florentem
344 2329 489 2392 retinens
503 2329 612 2393 meriti
626 2329 758 2395 vivacis
770 2329 932 2393 bonorem

138 2424 211 2492 Aut
226 2447 301 2492 cum
315 2428 445 2493 Lucani
458 2431 607 2494 retineris
619 2430 764 2495 culmine
778 2429 873 2495 fundi

138 2529 276 2595 AEmula
290 2529 466 2594 Romuleis
480 2529 636 2596 babitans
650 2532 787 2616 fastigia
800 2532 911 2610 tectis,

139 2631 320 2696 Materiam
333 2633 503 2714 praebente
517 2634 604 2714 loco,
620 2636 678 2718 qui
692 2637 846 2717 proxima
859 2635 981 2716 signat,

139 2732 182 2796 In
195 2732 379 2798 Condatino
390 2733 512 2798 diceris
527 2734 646 2815 degere
660 2734 763 2798 vicol
1022 2719 1026 2728 ’

182 2834 294 2899 Multa
301 2835 393 2919 jocis
408 2840 563 2917 pateaut;
585 2835 686 2900 liceat
700 2853 834 2918 quoque
847 2832 1077 2908 luderefictis.
1145 2832 1231 2898 „260

139 2935 206 3000 Sed
220 2937 333 3018 lingua
346 2937 511 3001 mulcente
526 2956 662 3018 gravem
674 2932 860 3000 interlidere
874 2934 1016 3011 dentem,

139 3038 269 3102 Ludere
284 3037 452 3102 blanditiis
462 3039 647 3117 urentibus,
662 3043 695 3103 et
708 3037 797 3102 male
814 3035 933 3100 dulces

140 3139 350 3204 Fermentare
360 3139 462 3223 jocos
477 3140 596 3205 Satirae
610 3138 778 3204 mordacis
792 3141 899 3214 aceto,

138 3242 240 3325 Saepe
252 3241 437 3325 podtarum,
449 3261 616 3325 nunqnam
629 3241 727 3304 decet
741 3258 817 3304 esse
833 3241 1018 3321 parentum.

139 3341 295 3426 Namque
310 3341 392 3406 tides
404 3343 579 3427 pietasque
593 3347 722 3427 petunt,
736 3347 773 3406 nt
786 3339 877 3424 quod
886 3339 976 3403 mela
989 3345 1125 3405 necteus
1166 3339 1231 3406 265

138 3442 292 3509 Insinuat
306 3443 407 3508 castis
421 3443 512 3508 sama
527 3443 676 3522 auribuS,
690 3444 755 3509 boc
766 3443 855 3507 bona
868 3441 940 3507 voti

139 3545 237 3610 Mens
250 3545 356 3632 patris
371 3543 471 3628 affigi,
486 3543 662 3631 fixumque
676 3545 855 3612 haerescere
869 3544 962 3610 cordi

631 3739 737 3794 NOl'AE

170 3861 220 3909 246
236 3859 331 3910 Pellitie
342 3893 381 3912 ...
398 3859 523 3926 Bigmiu]
547 3857 666 3924 Bigorra
706 3857 859 3910 ‘marlotar'
872 3854 1086 3922 appellantquasi
1095 3854 1233 3916 amoreis.

139 3935 236 3985 incolas
257 3934 389 3998 ‘pellitos'
411 3941 495 3998 vocat,
522 3935 584 4000 quia
607 3949 666 3984 cum
737 3943 786 3988 2⁶⁰
804 3937 954 4000 Rauranum]
973 3936 1080 4000 Legitur
1100 3935 1127 3985 iu
1148 3933 1232 3986 Auto-

139 4010 269 4073 uiugnidae
286 4010 383 4074 Pyreni
403 4012 550 4076 adjaceant,
566 4010 666 4074 frigidi·
706 4011 1002 4062 niuiItinerariolocnr‘
1012 4013 1168 4062 Rauranum’
1178 4011 1231 4060 dic·

139 4101 211 4138 oraru
222 4089 325 4140 venturu
337 4093 426 4136 arcent
438 4087 533 4140 vilioris
543 4087 667 4150 reatibus,
706 4094 757 4150 tur,
771 4087 841 4136 iuter
851 4086 1024 4136 Mediolanum
1038 4087 1187 4150 Santonum,
1204 4095 1232 4136 et

140 4177 204 4229 quaa
233 4167 301 4213 teate
321 4162 452 4214 Savarone
477 4163 510 4214 ad
535 4163 666 4216 Sidonium
706 4163 854 4228 Biturigum
865 4161 995 4214 cuborum
1003 4164 1231 4228 argentomagum.
