3016 4894
273 339 339 408 706
747 341 903 393 ausonis

293 610 375 660 xvr.
399 603 589 656 susumus
614 599 733 650 annuo
759 595 960 647 rnnrscro
985 583 1254 643 suasorios.
1296 573 1365 638 405

322 744 481 809 Onusta
496 759 555 825 per
570 733 801 821 antiquariosl
824 751 930 809 more,
953 732 1024 795 scio
1040 729 1196 814 promissi
1219 727 1285 792 m‘ei
1306 747 1382 810 gra·

278 849 361 913 tiam
375 842 609 928 expectatione
625 845 848 914 consumtum,
871 834 994 911 Probe,
1017 832 1070 897 vir
1086 831 1225 915 optime.
1269 827 1312 894 In
1328 849 1381 893 se·

279 946 418 1018 cundis¹
433 952 547 1009 tamen
560 942 670 1007 babeo
686 959 752 1004 non
765 937 936 1002 fefellisse.
979 933 1160 1017 Apologos
1174 931 1330 1010 Titiani,⁰
1346 937 1381 994 et

281 1048 428 1135 Nepotis
450 1039 632 1120 chronica,d
655 1041 754 1124 quasi
774 1041 860 1104 alios
888 1035 1060 1123 apologos·
1079 1033 1173 1120 (nam
1189 1040 1221 1098 et
1234 1033 1313 1117 ipsa
1327 1033 1380 1096 in·

278 1159 350 1219 stur
363 1152 441 1214 sunt
454 1147 641 1212 tabularum
652 1143 681 1228 ⁶)
703 1144 747 1207 ad
763 1143 975 1207 nobilitatem
991 1133 1104 1203 tnnm‘
1121 1135 1212 1214 misi,
1227 1135 1382 1218 gaudens

317 1338 377 1386 Catu
386 1334 480 1384 librarii
490 1332 637 1382 tardaverint
647 1330 673 1380 iu
682 1328 814 1389 scribendo,
824 1341 870 1376 nou
878 1325 960 1375 dubito
970 1325 1027 1388 quin
1034 1324 1158 1388 praelatio
1167 1321 1331 1385 meipramissi
1340 1319 1386 1367 rui-

285 1417 330 1450 uus
345 1404 439 1463 accepto
456 1398 502 1446 tibi
515 1395 655 1456 soluerit,
671 1395 726 1458 quio
742 1395 814 1441 simis
830 1393 874 1440 din
883 1395 1008 1454 expectata
1023 1404 1038 1438 o
1053 1394 1076 1438 te
1085 1387 1232 1448 est‚*Prube,
1243 1387 1330 1448 optime
1339 1386 1387 1432 vir.

284 1465 392 1514 &cundo
410 1468 487 1511 tomen
507 1463 554 1509 loco
573 1475 631 1524 pono
648 1473 694 1506 unu
707 1457 839 1516 srmtrarse
857 1460 890 1504 te.
922 1454 984 1503 Misi
995 1455 1027 1503 nd
1039 1459 1070 1515 te,
1081 1452 1223 1501 nobilissime
1235 1449 1387 1509 rir,sululur

286 1529 388 1592 litiani,
395 1534 420 1577 et
429 1525 541 1576 littorias
553 1523 661 1587 Nepotis,
672 1524 734 1572 uelat
744 1520 914 1581 aliussobrrlna,
926 1519 986 1585 (illa
995 1517 1059 1568 anim
1071 1517 1160 1566 similes
1171 1521 1226 1564 aaut
1237 1514 1387 1573 etinmsalru·

746 1659 925 1686 ee'eounuu
1007 1682 1011 1690 ,

319 1787 331 1832 1
351 1781 420 1832 ‘ulii
435 1781 542 1844 legunt:
561 1779 592 1828 Iu
603 1777 702 1839 seculis,
720 1790 767 1840 pro
780 1775 937 1826 lacerandis.
971 1775 1036 1826 Mihi
1055 1775 1138 1838 prima
1154 1773 1232 1824 lectio
1249 1768 1388 1822 manifesta

784 1929 891 1983 NOTAE

329 2053 343 2079 ⁸
364 2045 442 2096 Probo
462 2045 581 2106 Profecto
605 2039 735 2104 Pretorio]
764 2041 817 2090 Hie
858 2041 967 2092 festinus
979 2039 1116 2105 exscripsi,
1127 2047 1244 2102 tempore
1255 2035 1386 2099 hyberno:

288 2123 381 2174 Sextus
390 2122 529 2172 Petronius
537 2118 637 2171 Probus
648 2120 674 2168 in
686 2117 818 2181 lapidibus
858 2118 922 2167 nibil
941 2117 1092 2166 retardatus
1104 2115 1166 2180 quin
1185 2121 1300 2163 actrrtnnr
1316 2113 1391 2176 Jussa

288 2198 567 2262 vetustisappellatur.
599 2194 712 2246 Ausonio
724 2193 750 2242 in
762 2207 819 2242 rer·
859 2191 1120 2256 complerem31icet
1143 2189 1316 2253 antiquarium
1340 2202 1392 2235 mo-

289 2273 358 2323 sibus
376 2288 437 2323 mox
456 2271 623 2338 sequentibus
643 2269 773 2330 laudatur,
791 2275 820 2318 at
859 2275 963 2319 raretur
982 2268 1139 2318 insiccabilis
1157 2266 1217 2328 gelu
1236 2264 1342 2328 pagina,
1366 2272 1392 2312 et
1484 2273 1485 2278 ¹

290 2348 432 2400 Claudiano
444 2349 469 2397 in
481 2347 612 2410 Panegyri
624 2345 656 2395 de
673 2343 779 2393 Probini
792 2349 820 2392 et
862 2345 961 2394 calamo
988 2343 1077 2392 durior
1103 2339 1196 2407 gutta!
1237 2339 1295 2392 Hoc
1323 2341 1392 2389 inter
1484 2351 1485 2360 ¹

291 2422 395 2486 Olybrii
406 2429 524 2472 natorum
536 2421 592 2484 ejus
604 2420 755 2470 Consulatu.
777 2419 820 2468 Da
861 2419 982 2470 librarios
993 2425 1020 2469 et
1031 2419 1190 2484 antiquarios
1199 2416 1339 2466 discrimen
1351 2430 1393 2480 po·
1483 2427 1485 2446 i

291 2513 323 2548 eo
333 2498 469 2561 malignius
487 2497 564 2560 paulo
582 2494 730 2546 Ammianus
750 2495 820 2545 Mar·
861 2498 901 2548 nit
912 2497 1036 2561 Isidorus,
1046 2498 1115 2562 qnod
1127 2495 1225 2547 librarii
1237 2495 1299 2554 siut,
1311 2493 1354 2557 qui
1366 2498 1393 2540 et

292 2573 400 2624 cellinns
411 2574 429 2623 l.
442 2586 532 2622 xxvrr.
548 2572 620 2621 ‘Per
637 2572 693 2619 lraec
706 2580 822 2633 tempora
861 2588 929 2623 nova
945 2580 973 2622 et
991 2580 1082 2622 vetera
1101 2572 1234 2632 scribuut;
1252 2568 1393 2632 aurtiqnurii

291 2650 415 2700 Vulcatio
427 2647 519 2698 licutino
529 2643 647 2696 absoluto
660 2647 724 2705 vita,
740 2645 772 2694 ed
783 2658 822 2694 re·
863 2647 1003 2712 autcmqui
1020 2645 1307 2695 tantummodovetern.
1336 2642 1393 2692 Sic·
1484 2669 1485 2704 t

292 2726 402 2790 ganmm
423 2723 614 2775 Praefeoturam
640 2722 823 2787 pretorianam
864 2726 1035 2789 quealterum
1048 2738 1128 2787 genus
1145 2723 1189 2786 sit,
1206 2723 1319 2773 alterum
1336 2737 1394 2786 spe·
1484 2760 1485 2782 ,

293 2803 326 2852 ab
342 2798 404 2852 urbe
423 2801 525 2850 Probus
543 2800 651 2863 accitus,
668 2797 823 2848 claritudine
862 2800 927 2851 cies.

293 2877 405 2944 generis,
421 2882 449 2926 et
459 2875 587 2940 potentia,
604 2883 632 2924 et
643 2889 722 2938 opum
734 2872 824 2938 ampli·
896 2883 907 2908 ο
922 2875 1042 2939 Apologos
1054 2876 1159 2941 Titiani]
1179 2875 1279 2926 Deboc
1289 2875 1394 2925 Titiano

295 2953 384 3003 tudine
407 2953 524 3016 cognitus
547 2951 604 3002 orbi
626 2951 752 3010 Romano,
777 2963 824 3013 per
866 2958 894 3003 et
905 2952 960 3016 ejus
971 2953 1088 3018 apologis
1107 2951 1175 3004 infra
1194 2953 1226 3002 ad
1247 2953 1315 3001 hunc
1328 2951 1394 3001 lam.

293 3043 370 3095 quem
394 3029 541 3077 universum
569 3041 644 3090 pana
671 3027 825 3089 patrimonia
867 3028 952 3078 bicnm
965 3043 1082 3080 versum:
1100 3028 1201 3079 ‘Fundi
1219 3029 1337 3079 Titianus
1355 3041 1395 3078 ar·

294 3119 384 3170 sparsa
395 3101 521 3167 possedit,
536 3101 616 3166 juata,
634 3115 666 3150 an
678 3116 762 3163 secus,
774 3116 825 3150 non
867 3095 951 3156 tii'cal

290 3179 410 3243 judiciali
421 3178 565 3227 estnostri.
598 3176 678 3226 Hunc
695 3176 767 3239 quasi
780 3191 825 3238 ge·
898 3179 910 3214 ἃ
928 3181 1028 3244 Nepotis
1037 3181 1159 3245 ebromus]
1180 3180 1294 3231 Cornelii
1306 3180 1396 3244 Nepa.

295 3256 365 3304 mina
375 3253 503 3317 quaedam,
515 3260 545 3303 ut
556 3251 639 3316 putta»
650 3250 760 3315 fingunt,
772 3251 824 3300 tor·
866 3257 900 3306 tia
920 3258 1055 3320 scriptoria
1077 3257 1144 3306 illius
1166 3255 1303 3316 notissimi,
1321 3257 1395 3318 cujus

294 3337 358 3379 tuns
370 3328 528 3394 prepetibus
541 3327 632 3392 pennis
640 3327 745 3390 vehens,
757 3342 824 3378 nuuc
864 3330 1054 3381 interciderunt
1065 3331 1185 3380 chronica
1196 3330 1262 3393 burc,
1280 3343 1332 3378 uon
1341 3343 1397 3378 nos·

296 3404 439 3455 beneficum
451 3403 615 3466 ostendebat,
632 3409 660 3452 et
676 3403 772 3452 amicos
787 3405 824 3453 al·
866 3413 907 3456 tro
925 3407 1005 3457 solum
1023 3414 1051 3456 et
1070 3406 1158 3462 Gellio
1174 3411 1327 3467 memorata,
1352 3405 1397 3454 aed
1484 3418 1485 3440 ¹

298 3482 349 3531 tius
365 3479 525 3546 erigentem:
543 3479 678 3544 aliquoties
694 3477 827 3530 insidiato·
868 3489 896 3531 et
906 3481 1012 3532 laudata
1023 3482 1126 3532 Catullo
1139 3483 1176 3531 bis
1186 3480 1302 3530 versibus
1313 3480 1397 3530 Carnu
1484 3491 1485 3496 ’

298 3569 353 3604 rem
365 3553 458 3616 dirum,
475 3560 502 3603 et
522 3569 569 3618 per
586 3560 707 3603 cruentas
722 3555 827 3604 noxium
868 3572 889 3607 1.
905 3557 981 3608 ‘Jaur
994 3564 1047 3606 tum
1060 3571 1117 3606 cnm
1130 3571 1205 3608 anans
1217 3570 1247 3607 es
1257 3569 1324 3605 nuria
1344 3556 1398 3605 Ita·
1484 3559 1485 3600 l

297 3631 458 3693 simultatea,’
475 3635 523 3682 &c
558 3632 592 3680 Et
611 3631 657 3680 lib.
670 3645 740 3681 xxx.
757 3647 826 3694 eum,
867 3633 949 3682 lorum
963 3632 1047 3682 Omne
1066 3647 1148 3683 arum
1167 3633 1249 3683 tribns
1266 3632 1397 3695 explicare
1484 3660 1485 3682 r

298 3709 359 3758 dum
384 3707 565 3758 Valentiniano
592 3706 722 3769 adulatur,
747 3708 828 3756 multa
869 3706 1398 3773 cbartlsDuctis,aniterletlaboriosis.'
1484 3693 1485 3724 ¹

300 3798 394 3850 genere
404 3797 450 3832 suo
462 3783 568 3847 indigna
578 3780 671 3830 fecisse
683 3783 775 3846 arguit.
869 3784 905 3833 Et
917 3784 968 3834 alia
979 3784 1060 3834 multa
1070 3783 1164 3848 injuria
1174 3788 1329 3844 temporum.

330 3857 409 3908 ”Per
429 3855 587 3920 antiquarios]
609 3856 767 3922 Antiquarii,
787 3857 828 3906 bic
901 3860 1028 3908 ‘Numet
1039 3856 1398 3922 ipsuiusturauutsubalanrm]
1484 3839 1485 3880 ³

299 3941 359 3984 sunt
371 3935 438 3985 servi
449 3949 464 3984 a
475 3947 561 3996 mann,
581 3947 664 3983 rerum
676 3934 773 3982 domiui
785 3947 829 3981 ex·
869 3933 977 3984 Scilicet
994 3933 1025 3982 iis
1044 3933 1169 3982 chronicis
1184 3935 1275 3996 Nepos
1286 3947 1339 3982 nou
1350 3933 1400 3983 bis·

299 4010 450 4074 scriptores,
465 4016 496 4059 nt
515 4009 584 4074 apud
601 4009 736 4058 Sidonium
750 4010 830 4074 Apul·
870 4009 949 4058 torius
961 4006 1037 4056 modo
1048 4007 1093 4057 sed
1105 4015 1218 4057 veterem
1228 4021 1330 4072 quoque
1341 4007 1400 4070 My·

300 4085 407 4134 linarem
419 4085 464 4136 lib.
476 4098 516 4136 rx.
530 4085 614 4149 Epist.
627 4085 731 4134 ultima:
744 4086 829 4148 ‘Rap-
870 4084 1008 4146 tliologiam
1021 4090 1077 4134 crat
1088 4084 1248 4148 complexos.

301 4160 366 4224 tim,’
383 4160 475 4226 inquit,
491 4161 671 4226 ‘coactimque
691 4163 831 4212 translator
904 4157 960 4209 fArt
970 4161 1200 4224 uolutantemtunm]
1217 4160 1400 4216 observamu-
