3000 4882
306 346 371 413 ret
606 343 610 354 ’
775 358 927 408 uusouu

309 501 443 584 Quique
460 499 545 565 sacri
559 499 706 563 locorum
721 497 858 580 collegit
872 517 994 581 corpus
1011 495 1163 575 Homeri,

349 602 485 683 Quique
499 608 597 664 notus
611 599 730 682 spuriis
744 599 892 664 versibus
908 601 1082 682 opposuit:

308 702 479 785 Cecropiae
494 719 666 766 commuue
680 700 797 777 decus,
817 700 990 782 Latiacque
1005 700 1176 766 Cumoenee
1347 701 1392 766 30
1487 717 1488 726 ³

351 802 450 867 Solus
464 801 525 884 qui
540 799 658 866 Chium
671 801 799 880 miscet,
819 808 855 866 et
871 800 1089 865 Ammioeum.

307 997 347 1062 φά
356 998 448 1062 otugts
458 1013 541 1061 corpus
549 998 690 1060 discerptum
700 999 799 1051 Homeri
809 998 884 1048 dicim
899 999 984 1062 podtoe,
993 1003 1017 1048 et
1031 999 1071 1048 tte
1081 999 1121 1062 qui
1131 997 1216 1059 adiecit
1234 1002 1302 1046 notus
1311 1011 1394 1061 appo.

307 1063 514 1112 sititiisoersidus:
532 1068 611 1125 utpote
620 1063 727 1112 docorem
737 1063 862 1111 communis
873 1063 950 1112 Mssa
964 1062 1053 1112 Attice
1063 1067 1086 1112 et
1097 1063 1200 1125 butino,
1210 1063 1322 1124 puteolus
1332 1077 1393 1111 com·

308 1126 390 1176 miscet
399 1127 479 1178 emunt
491 1127 585 1187 cuum,
596 1132 620 1176 st
629 1125 709 1176 mm
718 1126 876 1176 semum.

760 1263 935 1285 W

307 1359 495 1411 distinctionem
505 1360 553 1410 snb
563 1360 640 1410 finem
649 1361 779 1425 sequentis
790 1365 954 1410 versos—29
969 1359 1067 1411 Scribit
1083 1362 1243 1412 Gronovius:
1260 1362 1377 1426 opposuit.
1444 1405 1446 1410 .

794 1497 902 1550 NOTAE

306 1596 378 1649 dolio
399 1595 547 1659 capitolino
568 1595 594 1644 in
615 1595 694 1658 Vero,
721 1610 828 1660 quorum
868 1596 921 1647 inst.
954 1597 1032 1660 cnjus
1044 1595 1172 1660 judicium
1191 1595 1258 1646 tanti
1276 1595 1395 1645 iecemnt

307 1679 384 1736 puter
407 1671 532 1721 Hadriani
553 1671 663 1722 Caesaris
684 1681 831 1736 praeceptor
868 1675 989 1735 Veteres,
1014 1681 1044 1723 ut
1066 1681 1169 1724 notatos
1191 1674 1224 1722 ab
1249 1687 1281 1724 eo
1305 1688 1395 1723 uersus

307 1747 367 1812 suit,
383 1748 451 1797 fiiius
471 1762 531 1797 vero
551 1754 696 1812 praeceptor
706 1747 830 1799 Antonini
868 1750 1022 1800 Homericos
1032 1763 1088 1799 esse
1099 1764 1150 1799 uon
1162 1749 1306 1798 crederent.
1340 1749 1395 1797 Do·

308 1823 381 1872 Veri.
414 1822 531 1871 citantur
545 1835 632 1871 eorum
649 1822 832 1886 Grammatico,
869 1825 924 1875 coit
949 1824 991 1874 hic
1017 1823 1194 1888 Alexandriae,
1224 1823 1293 1873 inter
1321 1824 1394 1879 aiios,

307 1903 336 1947 et
348 1896 535 1948 commentaria
547 1896 572 1944 in
582 1896 729 1958 Horatium,
745 1898 830 1962 Virpi·
868 1901 1003 1950 Ptolemaei
1017 1900 1085 1950 sexti
1104 1913 1149 1950 seo
1165 1899 1347 1949 Philometoris
1364 1899 1393 1948 fi·

306 1972 378 2033 num,
389 1978 418 2022 et
426 1971 579 2022 Terentium
590 1971 622 2020 ab
631 1971 664 2022 Α.
676 1972 772 2034 Gellio,
782 1974 829 2024 Di·
869 1975 941 2026 lium.

307 2045 408 2108 omede,
422 2052 450 2096 et
466 2046 523 2096 atiis
535 2046 717 2096 Grammaticis
735 2049 829 2098 veteri·
900 2054 932 2100 to
950 2050 1069 2113 Cecropio
1100 2063 1217 2098 mmmm
1250 2048 1332 2110 dcem]
1362 2049 1394 2098 ln

306 2119 364 2170 bus.
868 2131 960 2189 quarto
972 2140 1033 2174 caru
1046 2139 1097 2173 non
1111 2124 1138 2173 in
1155 2130 1227 2172 recto
1238 2124 1246 2152 ‘
1256 2137 1393 2173 commune

337 2196 426 2260 dape]
442 2197 493 2248 Hic
509 2195 587 2246 etiam
598 2197 786 2248 Commentario
800 2199 828 2248 in
868 2198 966 2264 decus,’
977 2205 1005 2249 et
1014 2196 1215 2248 referendomad
1224 2197 1394 2246 Harmoniam

306 2269 442 2334 Virgilium
462 2271 608 2334 scripserat.
642 2272 725 2336 Hujus
740 2274 827 2326 mesni.
868 2288 944 2338 quem
963 2273 1188 2324 communedecus
1199 2273 1334 2336 Cecropius
1347 2275 1396 2324 lu·

306 2354 400 2398 nerunt
410 2345 566 2410 Macrobius,
583 2346 739 2411 Priscimns,
756 2349 829 2400 Cari·
868 2351 963 2414 tiaeque
975 2349 1102 2400 Cumoeoae
1114 2348 1164 2399 sibi
1175 2346 1325 2397 conferrent
1337 2348 1394 2398 Ciu·

307 2424 369 2472 sius.
868 2440 955 2487 runos,
965 2426 1087 2487 Scemns,
1096 2423 1192 2486 Asper,
1201 2430 1230 2473 et
1238 2423 1329 2472 ceteri.

337 2501 370 2545 at
389 2495 475 2558 Verso]
493 2495 828 2562 Notissimnsiileseriptor,
899 2505 929 2551 81
946 2501 1015 2550 Solus
1041 2501 1082 2564 qui
1112 2499 1197 2552 cnon
1223 2498 1313 2560 etos,
1341 2499 1394 2562 irc]

305 2569 479 2620 Rornanorum
498 2569 629 2620 Ciceronis
645 2571 746 2633 judicio
766 2573 827 2623 doc·
866 2578 942 2638 Haec,
958 2583 1028 2626 utet
1041 2575 1158 2640 superior
1175 2588 1271 2631 versos,
1288 2587 1340 2622 non
1360 2574 1393 2623 de

306 2644 429 2694 tissimus.
866 2651 970 2712 Ursulo,
985 2657 1015 2699 ot
1034 2663 1169 2714 perperam
1189 2654 1282 2712 putsnt
1292 2647 1393 2696 Accur-

336 2720 453 2784 Priorpur
464 2719 558 2784 Croto]
574 2719 654 2785 Cujus
671 2721 727 2786 ipse
744 2722 828 2772 Varro
866 2727 928 2789 sins,
951 2725 1096 2786 Turnebus,
1120 2731 1149 2774 et
1164 2723 1270 2786 Tettius,
1290 2721 1339 2770 sed
1361 2723 1393 2772 de

303 2795 420 2846 meminit
444 2795 471 2846 in
500 2811 580 2860 opere
606 2795 660 2846 ‘da
681 2795 826 2861 Analogia:
868 2802 1008 2852 Harmonio
1029 2801 1083 2865 ejus
1102 2801 1204 2862 college
1223 2797 1394 2862 intelligenda

304 2875 365 2938 Hic,
381 2881 410 2924 ut
422 2875 542 2926 discimus
554 2889 587 2925 ex
599 2875 722 2925 Suetonio
740 2875 781 2924 in‘
793 2875 826 2925 de
866 2883 933 2928 suut.
966 2878 1034 2928 Nam
1052 2877 1076 2926 si
1095 2875 1127 2926 de
1139 2874 1244 2936 Ursulo,
1260 2873 1293 2922 ad
1315 2888 1393 2937 quern

304 2950 506 3014 Grammaticis,'
516 2943 628 3000 Maiores
639 2949 699 3012 fuit,
713 2949 828 3002 Aristar·
867 2957 909 3000 est
919 2951 1045 3013 Epistois,
1061 2951 1117 3000 irsec
1137 2949 1292 3010 dicerentur,
1312 2947 1393 3010 scrip·
1485 2963 1486 2970 ¹

303 3025 355 3085 ciri,
368 3026 482 3088 aeqrrelis,
496 3026 659 3092 studiumque
673 3026 827 3077 Grammati·
868 3030 922 3074 tum
943 3025 1101 3089 oportuisset
1137 3022 1252 3073 secunda
1282 3035 1394 3086 persona

304 3100 348 3150 'ces
367 3099 393 3148 in
405 3099 492 3148 urbem
507 3101 612 3152 Romam
624 3102 720 3164 primns
732 3103 827 3154 intulit.
866 3100 957 3158 nuces,
973 3113 1025 3148 nou
1037 3097 1116 3148 tertia
1135 3097 1226 3157 suisset,
1242 3101 1272 3146 ut
1292 3097 1394 3160 patebit

335 3174 827 3238 uuommmriueerssutc.]1ntel·
866 3174 966 3224 modice
988 3171 1141 3222 attendenti.
1174 3172 1314 3236 Eleganter
1333 3185 1393 3235 por·

302 3249 361 3310 tigit
381 3250 549 3304 Zenodotum,
576 3251 630 3315 qni,
655 3262 684 3301 or
707 3251 827 3304 ducimus
867 3263 904 3312 ro,
921 3249 1037 3298 imitetur
1049 3245 1113 3296 iilud
1123 3245 1226 3295 Horatii
1239 3243 1284 3294 lib.
1297 3257 1317 3295 r.
1337 3247 1393 3298 Sat.
1485 3309 1486 3324 χ

303 3337 336 3372 es
356 3323 444 3386 Suids,
463 3325 589 3389 Ephesius
610 3323 668 3388 soit,
693 3326 777 3389 po'e'ta,
799 3335 827 3378 et
867 3337 896 3374 x.
912 3323 969 3374 ‘At
979 3337 1062 3374 sermo
1073 3323 1160 3386 lingua
1171 3321 1312 3373 concinnus
1321 3326 1392 3370 ntus·

303 3397 503 3458 Grammaticus,
535 3398 645 3450 Philetas
677 3401 827 3466 discipulus,
865 3412 917 3463 qne
931 3398 1054 3448 Sossior:
1073 3406 1101 3447 ut
1117 3397 1181 3449 coto
1199 3402 1262 3446 nota
1281 3395 1304 3445 si
1323 3411 1393 3446 com·

302 3468 438 3535 florstrqoe
450 3472 587 3524 Ptolemaei
603 3475 680 3538 primi
702 3483 826 3540 tempore.
864 3473 941 3521 mista
950 3473 1051 3521 Falerni
1062 3471 1119 3523 est!
1137 3469 1305 3520 Harmoniam
1316 3471 1392 3521 Groe·

302 3544 409 3594 Homeri
427 3546 525 3610 scripta
547 3548 643 3610 primns
665 3553 825 3616 recognovit,
865 3565 903 3600 cn
925 3549 1077 3616 Latineque
1098 3549 1191 3614 iinguse
1220 3541 1391 3612 professorem

301 3621 407 3684 prefuit
427 3623 594 3674 Bibliothecis
622 3640 678 3689 quas
705 3627 733 3676 in
761 3628 824 3677 urbe
865 3625 964 3681 Chium,
981 3626 1103 3675 Graecum
1123 3624 1219 3685 uinum,
1242 3628 1271 3672 et
1291 3622 1391 3694 Ammi-

301 3697 461 3750 Alexandria
468 3705 551 3762 eruut,
566 3706 594 3748 et
604 3699 740 3754 Ptolemaei
758 3703 824 3754 filios
864 3714 941 3750 neom
951 3700 1047 3750 italum
1056 3701 1164 3750 miscere
1176 3698 1242 3748 dicit
1250 3697 1392 3757 Ausonius,

301 3771 423 3822 erudivit.
560 3823 563 3830 ,
863 3782 891 3826 et
901 3775 974 3824 simul
987 3774 1072 3840 carpit
1082 3789 1140 3826 eom
1153 3781 1273 3838 tanquam
1283 3773 1391 3824 bibacu-

332 3850 365 3896 2⁹
383 3846 823 3918 Qudqusnotcsspurs'irsersidus,tfc.]
863 3853 925 3903 inm.

299 3920 464 3972 Aristarchus
486 3923 527 3973 iric
551 3925 705 3990 designator,
732 3942 824 3978 censor
894 3927 910 3956 ⁸
926 3928 1040 3992 neuque
1051 3926 1160 3977 Ausonii
1179 3927 1305 3991 Ep'ntolae
1320 3926 1390 3976 Pau-

299 3997 344 4046 ilie
364 3998 492 4047 veteribus
514 4000 578 4049 adeo
600 4001 763 4064 decantetur,
778 4004 824 4052 Sa·
862 4002 908 4051 lini
929 4016 1022 4053 nomeu
1049 4003 1202 4066 inscriptum
1231 4001 1329 4054 ferunt.
1361 4003 1390 4052 Is

300 4072 418 4122 mothrax
429 4086 533 4136 genere,
549 4075 601 4138 qni,
619 4090 684 4140 quos
702 4091 752 4126 uon
765 4091 824 4141 pro·
862 4077 913 4126 soit
924 4077 1029 4128 Anicius
1046 4078 1155 4128 Pontius
1169 4077 1292 4128 Parsiinus
1310 4092 1389 4142 quem

300 4144 372 4196 buret
384 4147 409 4196 io
422 4148 534 4200 Homero
545 4163 642 4215 versus,
657 4149 732 4202 obelo
750 4159 822 4204 nota·
863 4153 964 4218 generis
974 4153 1111 4228 splendore
1121 4153 1185 4202 uuili
1204 4153 1345 4205 secuudum
1361 4154 1389 4201 in
