2998 4884
284 361 350 426 466
756 371 912 420 susoutr

327 519 381 582 Tu
396 517 477 581 mihi
491 517 663 582 flumineis
674 515 859 580 habitatrix
875 514 963 578 Nais
978 514 1013 577 iu
1028 515 1107 591 oris,

286 620 494 703 squamigeri
509 618 616 700 gregis
631 617 692 680 cde
706 617 836 691 choros,
850 615 1046 698 liquidoque
1062 615 1126 678 sub
1139 615 1235 678 alveo

286 723 425 786 Discere
440 720 589 784 coeruleo
603 716 774 784 fluitantes
790 737 889 780 amne
904 721 1067 780 catervas.
1301 711 1304 718 ’

328 823 518 904 Squameus
531 820 694 884 herbosas
707 818 833 902 Cupito
845 818 1022 882 interlucet
1041 833 1163 880 eronus
1336 813 1381 878 85

285 922 427 988 Viscere
442 927 642 1003 praetenero
656 921 767 985 fartim
781 925 960 1001 congestus
974 918 1102 995 aristis,

287 1023 363 1088 Nec
378 1023 558 1087 duraturus
572 1026 652 1104 post
666 1021 748 1087 bina
761 1021 898 1086 trihoria
910 1020 1047 1084 mensis.

286 1123 536 1208 Purpureisquo
551 1121 649 1186 Salar
663 1122 815 1186 stellatus
830 1127 960 1202 tergora
979 1119 1092 1202 guttis,

286 1225 331 1289 Et
343 1226 433 1290 nullo
446 1225 554 1307 spinae
568 1223 740 1286 nociturus
758 1222 912 1286 acumine
927 1220 1038 1295 Redo,

285 1324 521 1406 Effugiensque
536 1322 871 1388 oculoscelerileuis
886 1320 1015 1386 Umbra
1027 1327 1158 1386 natatu.
1338 1320 1383 1384 90

285 1424 407 1508 Tuque
420 1444 478 1508 per
492 1423 622 1506 obliqui
635 1423 748 1490 fauces
765 1428 885 1487 vexate
899 1421 1030 1497 Saravi,
1114 1433 1133 1452 “

320 1640 366 1703 ts,
376 1656 390 1689 o
402 1641 488 1700 Notos,
497 1657 551 1705 qsoe
561 1643 645 1691 ineolis
654 1641 887 1705 regionesflscislcs,
896 1657 998 1692 unsre
1009 1641 1068 1691 stibi
1075 1641 1271 1705 eoetssqsorsosi
1280 1639 1381 1702 pecoris,

285 1709 309 1752 et
319 1705 423 1767 eloquere
432 1707 536 1756 cobortes
545 1711 654 1754 saintes
662 1706 705 1754 ssb
714 1709 780 1755 niceo
788 1706 888 1770 liquenti
896 1707 1026 1770 influmine
1036 1708 1143 1754 coerslco.

319 1769 404 1830 Cupito
412 1784 545 1832 Μαι
554 1770 616 1819 nitet
627 1771 692 1819 ister
706 1770 812 1818 wbslssr
825 1771 935 1831 grmsiroe
949 1771 1073 1830 medum,
1081 1770 1147 1829 rqiss
1156 1783 1210 1818 coro
1220 1774 1302 1816 tenero
1312 1771 1379 1828 septo

286 1835 321 1883 est
331 1834 413 1881 multis
421 1834 507 1896 spinis,
516 1839 541 1882 et
550 1836 590 1896 qsi
598 1848 644 1882 sos
654 1832 757 1882 nocebit
766 1833 833 1881 stitis
840 1835 891 1882 essi
899 1839 953 1896 post
962 1849 1006 1882 ses
1013 1835 1093 1883 loros.
1125 1834 1159 1881 Et
1173 1833 1246 1882 suo
1254 1845 1379 1893 respersos

285 1900 361 1944 11111111
371 1897 451 1945 rsbris
460 1897 558 1946 sumis
571 1897 649 1945 11111111·
657 1897 787 1956 mellum,
794 1901 819 1945 et
830 1898 896 1945 ltsdo
913 1911 960 1945 sos
978 1899 1076 1946 werse
1085 1898 1132 1945 ullo
1143 1897 1249 1946 semu
1257 1896 1343 1958 spise,
1354 1898 1378 1942 et

285 1959 344 2010 levis
358 1961 446 2012 Umbro
458 1957 547 2020 ,tollens
563 1959 640 2010 mus
654 1965 738 2010 sntsts
748 1961 829 2010 celeri.
861 1961 896 2009 Et
911 1966 947 2023 111,
958 1977 973 2008 o
990 1961 1180 2024 Borbe‚joetste
1194 1974 1238 2022 per
1253 1957 1378 2020 osgsstiss

780 2101 887 2153 NO'I'AE

317 2220 349 2264 88
366 2215 440 2279 Nais]
457 2215 580 2279 Nympha
592 2215 676 2278 sliqus
684 2228 718 2262 ex
726 2228 836 2268 esrum,
885 2220 918 2264 89
935 2217 1044 2265 Etssllo
1054 2218 1129 2279 spisoe
1143 2217 1384 2265 11111111111111111111111111
1490 2203 1491 2228 ³

285 2305 391 2339 numero
401 2305 459 2353 quse
469 2291 607 2339 Mosellam
618 2290 745 2339 incolunt.
855 2289 994 2353 [modice]
1014 2291 1093 2355 Redo]
1121 2291 1195 2340 Idem
1218 2290 1328 2341 Ovidius
1348 2290 1383 2339 de

223 2379 227 2387 ·
318 2371 349 2415 85
368 2367 466 2430 Capito]
489 2366 515 2416 Α
534 2367 627 2429 cepitis
650 2380 704 2429 pue
726 2371 814 2414 cetero
855 2365 1257 2416 Gobiomsriuoinllslieutico:
1275 2366 1385 2416 ‘Lubri-

285 2455 397 2505 ccrpore
418 2443 534 2491 crassitie
556 2441 641 2489 dictus
666 2439 708 2489 hic
727 2439 814 2504 piscis,
855 2440 1383 2506 οω,811ρ11111111111111111111110ὓί11υῦιῖ
1490 2479 1491 2484 ,

286 2515 369 2565 Gallis
398 2517 499 2566 Ctobot.
532 2517 638 2580 Mugilis
667 2530 747 2579 genus
774 2523 816 2565 est
855 2517 921 2568 Quis
932 2523 1020 2567 sutem
1034 2518 1069 2568 sit
1088 2517 1163 2567 Redo
1173 2519 1292 2579 ignorent
1303 2517 1384 2567 inter·

283 2591 417 2642 Salviano.
780 2642 782 2646 ,
841 2598 952 2656 ‘protes
985 2592 1116 2643 Robcrtus
1144 2592 1248 2642 Census
1273 2606 1307 2642 ex
1332 2591 1383 2641 bec

317 2666 332 2695 '
350 2667 447 2731 Capito]
461 2668 577 2718 Mosellse
585 2668 680 2718 sccolis
688 2669 814 2718 vocitatus
854 2665 964 2716 Ausonii
1000 2667 1176 2732 descriptione
1207 2665 1383 2715 contendebat

288 2742 370 2792 Volcis
393 2744 427 2791 ob
450 2744 534 2794 rictus
557 2744 717 2808 spurcitiem.
748 2743 815 2794 Aliis
854 2755 910 2791 esse
925 2742 1086 2805 pisciculum,
1105 2757 1182 2807 quam
1200 2741 1385 2790 1111111ωά111-

271 2810 813 2884 ⁸Copitoest,quiGslliccdiciturCbobot5
854 2833 920 2882 mus,
941 2820 1028 2882 mete,
1046 2820 1129 2884 spinis
1151 2833 1226 2883 psene
1248 2819 1334 2881 nullis,
1355 2826 1384 2868 et

283 2893 339 2943 eliis
369 2895 487 2957 numm,
510 2895 589 2958 piscis
608 2895 707 2946 idcirco
728 2895 813 2946 dictus
854 2909 912 2959 quse
931 2896 1034 2944 innoxie
1049 2909 1109 2945 cum
1128 2902 1186 2945 toto
1203 2895 1259 2958 ejus
1273 2908 1384 2959 corpore

283 2969 431 3031 quodcirca
441 2971 592 3020 moletrines
604 2970 690 3034 deget.
852 2973 1017 3023 manduntur.

315 3048 349 3092 88
363 3044 466 3106 Arietis]
476 3045 571 3107 Spinis,
581 3036 715 3095 eristemm
726 3047 812 3098 berbis
884 3051 917 3096 90
936 3046 1036 3110 Umbro]
1063 3045 1220 3110 Appellstur
1243 3061 1260 3095 s
1280 3045 1382 3096 Graecis

283 3117 426 3167 similibus:
438 3132 486 3167 nos
496 3117 606 3166 dicimus
613 3119 700 3168 orites
852 3119 953 3179 σκίαινα,
964 3120 1080 3178 natm,
1101 3121 1199 3176 1111111111,
1218 3130 1247 3170 et
1265 3120 1379 3185 emtore,

315 3194 347 3240 87
364 3192 426 3240 Post
447 3191 501 3240 biso
523 3191 637 3253 trihorio]
653 3193 722 3242 Quis
734 3191 812 3242 fseile
852 3203 958 3244 sectore
966 3197 1084 3258 Galen03
1104 3197 1385 3260 spuununtnmcotu·

283 3266 458 3328 corrumpitur
467 3273 496 3315 et
507 3266 643 3328 putrescit.
660 3265 734 3316 Idem
747 3268 812 3318 Nos·
851 3271 963 3334 mellum,
972 3283 1000 3320 er
1011 3270 1280 3334 Ovidium,‘llmbrs.'
1302 3271 1384 3324 Quod

282 3348 324 3390 ter
335 3342 369 3392 de
381 3343 466 3392 Corvo
477 3342 548 3404 plsce
565 3338 649 3405 Epist.
669 3357 710 3392 ru.
735 3344 811 3394 ‘Nee
852 3357 946 3395 nomen
974 3347 1092 3396 Varrone
1125 3353 1154 3396 et
1181 3347 1283 3397 Isidoro
1310 3355 1382 3399 teste

1490 2795 1491 2832 1

1490 2837 1491 2908 1

1488 2963 1491 3012 1

283 3419 400 3471 duraturi
411 3427 472 3484 post
481 3421 543 3480 biqs
554 3419 663 3470 trihoria
672 3420 772 3469 Corsi!
852 3419 912 3469 huic
922 3421 987 3484 pisci
995 3436 1012 3470 s
1019 3423 1106 3472 colore
1115 3423 1191 3486 nigro
1202 3429 1230 3472 et
1238 3423 1329 3472 liventi
1338 3431 1383 3474 est
1490 3395 1491 3454 ἶ

314 3498 347 3544 88
363 3495 448 3560 Salar]
472 3496 561 3546 Genus
583 3496 702 3558 exiguum
722 3497 810 3546 Furio·
852 3494 979 3557 inditum
996 3497 1127 3561 vel,quod
1135 3497 1218 3547 insuit
1229 3499 1336 3560 Noster,
1345 3511 1382 3547 ex
1490 3507 1491 3520 ¹

281 3586 343 3622 uum
360 3571 415 3622 sive
432 3575 581 3622 'lbettsrum
605 3573 742 3636 purpureis
760 3588 811 3624 ms·
852 3572 962 3635 eoquod
972 3573 1205 3624 celerrimensteus
1216 3575 1304 3623 oculos
1315 3573 1382 3625 effu·
1490 3573 1491 3614 ἶ

281 3645 355 3706 culis,
375 3647 491 3709 ejusdem
511 3661 569 3697 cum
591 3647 642 3696 illis
664 3648 763 3710 saporis
785 3654 812 3698 et
852 3645 917 3708 glot,
936 3653 964 3696 et
985 3647 1076 3696 umbra
1097 3649 1182 3699 verius
1202 3663 1277 3712 quem
1298 3649 1380 3712 piscis
1490 3667 1491 3672 ¹

280 3719 401 3782 nominis,
422 3734 486 3785 quos
505 3721 583 3770 etiam
602 3722 699 3771 secolo
719 3727 812 3785 putent
852 3731 979 3788 sppsreet
987 3725 1155 3776 intuentibus.
1188 3727 1272 3777 Gallis
1282 3726 1382 3795 Meiere

281 3794 391 3844 sdultos'
400 3796 426 3846 iu
442 3797 565 3846 Feribnes
578 3811 623 3846 seu
634 3798 741 3846 'l'ruttss
752 3811 810 3847 ers·
851 3800 904 3849 dici
914 3807 1005 3850 eluctor
1015 3806 1056 3850 est
1065 3801 1202 3851 Freberus.

280 3869 353 3920 dere.
378 3870 455 3921 Quod
467 3878 495 3920 et
506 3871 603 3921 Noster
613 3887 674 3920 mox
683 3873 767 3922 innuit
777 3873 810 3922 de
881 3880 912 3924 91
930 3874 1027 3938 Soreoi]
1044 3876 1127 3936 Fluvii
1141 3877 1168 3925 in
1188 3877 1323 3926 Mosellam
1338 3877 1381 3928 ls-

279 3945 390 3996 Fsrione
408 3945 529 4010 loquens:
554 3948 623 3997 ‘Qui
634 3947 743 3996 necdum
754 3948 810 3997 Sel·
849 3948 961 4000 fluentis.
993 3950 1130 4000 (iomanis
1140 3952 1189 4000 Die
1201 3951 1273 4013 Solo,
1284 3951 1380 4016 dequo

260 4033 262 4038 ¹
279 4033 331 4080 mo,
340 4034 389 4070 nec
396 4021 451 4083 jem
461 4021 543 4084 Salar,
553 4022 738 4086 ambiguusque
749 4022 810 4072 Am·
850 4025 924 4087 plura
934 4022 1042 4074 infrssd
1052 4039 1155 4075 versum
1164 4030 1222 4076 867.
1230 4027 1304 4091 hujus
1314 4029 1378 4078 Cer·

279 4091 380 4156 borum,
401 4095 487 4152 medio
507 4095 583 4147 Furio
598 4095 747 4160 intercepte
762 4096 810 4148 sub
849 4099 941 4147 minis:
958 4099 1378 4161 ‘Navigerundtsonauuomme

280 4169 354 4220 evo?
850 4173 1295 4228 moleSsrsuusl'ots·sesteroest.’
1372 4209 1376 4214 -
