3026 4898
201 417 204 426 .
283 363 349 432 618
758 378 913 428 susonrr

287 521 474 602 Prrnvonit3
497 527 531 587 et
549 521 705 604 gravidos
722 521 826 586 sentit
844 521 1022 603 subrepere
1042 519 1145 585 nixus

287 626 380 692 Ante
394 628 607 708 expectatum
622 623 747 688 festina
762 642 925 706 puerpera
938 631 1066 687 votnm.

196 783 202 791 ,
288 725 480 805 Quodnisi,
503 730 640 808 septeno
653 743 729 790 cum
744 725 872 788 lumina
884 723 972 790 fudit
990 724 1034 789 ab
1050 729 1154 802 astro,

288 827 464 912 Impulerit
476 825 562 893 tardi
575 826 722 891 claustrn
735 825 941 892 obluctantia
951 831 1081 909 partus,
1338 825 1386 891 85

289 929 461 996 Posterior
474 933 630 1012 nequeat,
651 926 762 1012 possit
776 926 886 1010 prior:
908 945 951 990 an
964 926 1046 1010 quia
1058 931 1159 990 sexto
1287 929 1292 934 “

289 1031 447 1096 AEmnlns
461 1029 574 1097 octavi
588 1034 794 1111 conspectus
808 1027 938 1092 inutilis
955 1027 1039 1092 astri

202 1189 205 1196 .
290 1131 410 1199 Nescit
421 1131 620 1216 compariles
633 1130 774 1194 laterum
787 1129 932 1194 formare
948 1128 1096 1212 liguras‘t

290 1233 359 1301 Sed
372 1253 462 1299 nono
475 1232 671 1298 incumbens
686 1233 793 1314 signo,
814 1232 1008 1297 cunctantia
1025 1237 1170 1296 matmm

290 1333 382 1404 Votn
396 1336 500 1413 levat,
521 1334 649 1417 trigono
662 1333 749 1399 vires
762 1333 914 1399 sociante
929 1334 1094 1417 sequenti.
1144 1429 1147 1436 ,
1341 1333 1387 1399 to
1499 1345 1500 1368 ¹

291 1529 365 1578 sertit
379 1533 468 1580 m
483 1535 494 1579 t
547 1543 575 1578 rr
587 1526 692 1578 istam
705 1528 833 1592 puerperii,
846 1532 870 1578 et
880 1529 964 1600 rnrriier⁸
973 1526 1048 1578 restit
1058 1527 1145 1578 oboriri
1153 1527 1200 1578 ridi
1209 1527 1275 1578 abur
1281 1526 1388 1592 potitu-

176 1620 179 1626 ·
290 1592 355 1643 diris
363 1592 509 1658 prepisqrrae,
528 1598 581 1670 ufto
589 1607 705 1658 puerpera
713 1607 821 1670 propere,
828 1593 966 1658 priusqam
974 1597 1108 1669 meromat
1118 1599 1143 1643 et
1153 1597 1284 1670 monem.
1318 1591 1390 1648 Quod

291 1671 314 1706 aa
323 1655 366 1707 Sol
375 1673 421 1734 nra
429 1659 559 1735 pnbruru
569 1659 671 1708 eluntre
682 1655 819 1733 οὐρήων
827 1663 911 1723 partus
920 1661 1045 1733 momatur,
1062 1659 1154 1751 prande
1169 1657 1273 1734 moreest
1288 1658 1390 1770 hiem

290 1721 1387 1864 &numerusnumerous

292 1845 871 1982 mmmmm?
879 1850 1390 1978 weitiiiffiiki'iiiii'fflt

745 2065 922 2087 “mmo

292 2148 1391 2277 ,we

790 2358 898 2411 NOTAE

327 2452 497 2516 Lucisn1Des
510 2460 599 2516 partus
608 2453 634 2503 in
643 2455 726 2504 lucem
736 2453 825 2516 edens,
864 2469 915 2520 nro,
931 2472 982 2522 quo
993 2472 1082 2509 mense
1095 2457 1159 2510 editi
1168 2458 1270 2509 vitales.
1305 2457 1392 2509 ‘Sunt

297 2525 316 2576 l.
329 2529 397 2578 unde
408 2534 436 2577 et
447 2543 539 2578 noruen
550 2530 636 2590 habet,
652 2530 722 2581 duno
735 2536 785 2590 cst,
797 2537 824 2580 et
863 2531 902 2581 ita
913 2532 1018 2594 tamen,'
1036 2534 1119 2599 inqrrit
1129 2533 1238 2594 Plinius,
1252 2535 1260 2562 ‘
1273 2534 1294 2582 si
1307 2535 1393 2598 pridie

297 2604 384 2654 Diana
394 2617 503 2670 quoqne,
512 2605 549 2654 sic
561 2605 628 2654 eninr
639 2621 709 2669 saepe
721 2606 825 2657 numina
863 2611 907 2655 unt
920 2608 1045 2671 postridie
1062 2608 1206 2673 plenilunii,
1222 2617 1268 2659 aut
1286 2609 1395 2659 interlu·

296 2693 342 2730 arra
352 2676 555 2729 confundebant.
586 2679 630 2729 Sic
639 2679 683 2730 Sol
702 2685 730 2730 et
751 2682 825 2731 Lnnn
864 2683 970 2733 niosint
982 2684 1120 2749 concepti!

297 2754 346 2803 sub
360 2754 445 2804 Liberi
462 2761 489 2802 et
510 2754 612 2804 Cereris
625 2755 768 2805 nominibus
788 2757 825 2806 ln·
897 2759 912 2788 ¹
936 2760 1057 2810 Posterior
1084 2766 1190 2826 aequent,
1218 2761 1294 2826 possit
1314 2761 1395 2826 prior]

297 2836 422 2880 vocentur
439 2831 559 2894 aVirgil.
573 2831 721 2895 Georgicon
741 2833 825 2884 initio.
864 2835 1010 2898 Desporins
1020 2839 1156 2900 legendnm
1175 2847 1251 2904 putat
1267 2842 1347 2902 sceau
1366 2847 1395 2890 nt

298 2905 392 2956 Cicero
412 2907 455 2959 lib.
476 2920 507 2956 rr.
526 2907 559 2956 de
577 2908 679 2957 Natura
689 2909 824 2960 Deorum:
862 2913 946 2975 pouit.
980 2912 1016 2963 At
1031 2929 1092 2965 vero
1107 2917 1170 2966 nihil
1189 2917 1393 2978 immutandum

297 2983 306 3010 ⁴
318 2983 389 3034 Lurm
400 2997 415 3032 a
425 2982 674 3034 lucendonominata
683 2984 726 3044 sit,
734 2984 825 3034 eadem
865 2987 956 3050 planus
968 2996 1009 3038 est
1019 3004 1116 3041 sensus.
1148 2992 1231 3042 Po'e'ts
1242 3006 1336 3056 nempe
1350 2983 1400 3043 eo?

299 3065 341 3112 est
362 3058 430 3107 enim
454 3057 575 3120 Lucina;'
595 3066 623 3108 et
647 3061 725 3123 paolo
749 3068 824 3124 port:
865 3077 921 3112 rrun
944 3071 1048 3115 secutus
1066 3067 1224 3129 opinionem,
1239 3069 1282 3134 qui
1305 3073 1394 3131 partus

207 3131 210 3136 ⁴
296 3133 304 3162 ‘
317 3133 403 3184 Diona
414 3127 486 3182 dicta
496 3133 555 3196 qrria
571 3139 650 3183 noctu
667 3134 738 3198 quari
756 3135 825 3184 diem
864 3148 957 3188 octavo
969 3155 1055 3190 mense
1067 3143 1151 3193 editos
1164 3144 1265 3193 vivaces
1276 3159 1327 3194 non
1338 3159 1396 3195 esse

299 3207 425 3258 ediceret.
458 3208 606 3259 Adhibetur
616 3216 702 3259 autem
717 3210 751 3261 nd
768 3226 826 3275 prr·
866 3225 1031 3277 censuerunt,
1048 3221 1100 3269 alt:
1125 3220 1146 3268 si
1167 3234 1256 3270 nrense
1283 3222 1395 3286 septimo

300 3291 352 3346 tus,
369 3283 436 3348 qnod
448 3283 466 3332 ii
476 3290 654 3333 maturescunt
666 3291 711 3334 ant
726 3295 826 3350 septem
866 3291 982 3342 claustra
999 3294 1042 3342 Sol
1060 3309 1111 3345 non
1133 3297 1283 3360 pulsaverit,
1308 3306 1395 3363 poste·

300 3373 491 3425 nonnunquam,
506 3370 560 3423 ant,
571 3368 600 3410 ut
611 3361 772 3427 plerumque,
783 3377 828 3412 no·
869 3367 930 3425 rior,
949 3370 975 3418 id
998 3376 1038 3419 est
1058 3369 1104 3420 Sol
1124 3377 1218 3421 octavo
1241 3386 1329 3422 mense
1350 3375 1394 3438 qni

300 3447 357 3485 rem
368 3435 448 3485 Lunae
460 3435 594 3487 crrrsibns:
614 3436 656 3500 qni
667 3437 728 3501 quis
741 3451 829 3488 mensa
867 3440 977 3506 septimo
989 3446 1126 3508 posterior,
1142 3460 1191 3495 non
1209 3449 1309 3512 poterit
1326 3451 1395 3514 quod

300 3511 387 3574 rpntia
408 3511 558 3575 conficiunt,
579 3526 679 3562 menses
698 3513 828 3564 nominan-
868 3518 957 3566 eodem
968 3519 1079 3582 septimo
1089 3535 1176 3569 mense
1188 3527 1300 3585 poteret.

302 3585 362 3637 tnr.'
468 3589 470 3592 '
899 3592 1103 3658 SeatoAEnratur]
1118 3598 1241 3662 Quinque
1255 3598 1396 3649 solidorum

333 3666 365 3711 εἰ
394 3661 526 3726 Processit]
552 3661 585 3714 ln
610 3663 761 3728 quibusdam
783 3667 827 3730 qui
868 3668 998 3733 signorum
1009 3671 1121 3736 spatioa
1138 3679 1234 3738 puncto
1249 3677 1398 3740 conceptio·

301 3737 412 3802 septimo
422 3752 509 3788 mense
520 3739 545 3788 in
557 3740 640 3788 tricem
652 3749 797 3804 erumpunt.
868 3744 907 3792 nis
926 3744 1023 3795 distans
1040 3747 1073 3796 ab
1095 3762 1146 3798 nnn
1164 3756 1251 3814 purte,
1267 3757 1296 3800 nt
1306 3758 1396 3802 sertus

334 3813 828 3878 sonarertoruqseu180ltnocmre
867 3827 989 3885 aspectus
1023 3821 1058 3872 ab
1084 3823 1175 3875 nltern.
1219 3825 1396 3880 Censorinnst

301 3888 550 3952 signoconrtitutur.
578 3887 670 3938 Editor
678 3889 828 3954 quippeoo·
866 3896 921 3947 ‘At
942 3897 964 3946 si
984 3897 1053 3948 intra
1070 3897 1119 3948 lroc
1140 3892 1262 3967 spatium,
1283 3903 1397 3967 [septeni

303 3970 363 4014 taso
373 3977 461 4014 mense
473 3969 562 4027 partus
581 3977 632 4014 non
649 3978 706 4014 esse
726 3965 828 4018 vivaces
867 3972 1004 4037 mensium]
1036 3983 1208 4027 maturescere
1235 3987 1325 4028 uterus
1344 3993 1397 4030 non

303 4043 378 4103 vulgo
390 4039 533 4092 creditum:
543 4039 664 4091 dissentit
673 4043 773 4093 Plinius
783 4044 828 4096 lit.
868 4049 994 4113 potuerit,
1010 4057 1104 4101 octavo
1120 4066 1208 4103 mense
1225 4067 1277 4104 non
1293 4053 1399 4105 editur:

306 4131 361 4168 vrr.
371 4133 430 4183 esp.
442 4119 466 4169 Β.
868 4125 902 4174 sb
913 4131 1006 4176 octavo
1015 4127 1083 4176 enim
1095 4127 1178 4192 signo,
1192 4135 1222 4180 nt
1235 4143 1251 4180 a
1269 4137 1346 4182 sexto
1363 4130 1400 4182 in·

336 4193 416 4250 Possit
429 4194 507 4259 prior]
525 4195 685 4248 Constitutus
703 4197 730 4249 in
751 4199 830 4265 septi·
870 4197 1063 4252 edicurisns.'
1079 4201 1165 4268 Μ..
