3034 4878
295 334 360 402 ddi
609 347 856 400 nrvnnsonuit
881 345 1068 398 netsroon

296 495 389 576 signe
402 501 609 578 pepererunt.
653 493 752 558 Multi
762 493 903 578 posthac
915 494 1103 558 annitentnr
1117 499 1207 556 artes
1220 491 1340 572 bonas,
1353 503 1392 560 et

294 595 417 664 landes
431 613 617 678 germanas,
638 601 674 660 et
690 615 800 660 meras
821 596 949 660 literas.
993 597 1053 659 Sin
1076 596 1264 678 ignoramus
1290 593 1392 678 Mag-

294 715 375 762 num
396 695 623 781 illumcujus
649 716 751 782 sopra
778 702 895 763 votnm
923 696 1056 761 fortuna
1082 695 1190 772 fluxit,
1218 695 1389 779 Stagirites

295 815 359 864 suo
384 798 523 864 nihilum
546 799 791 877 commodasse,
812 798 879 862 nisi
901 796 1031 876 Quinto
1047 796 1155 860 Ennio
1170 817 1214 861 ex
1228 798 1390 862 AEtolicis

294 900 458 964 manubiis
484 900 622 982 captive
643 900 793 984 chlamys
817 904 948 962 tantum
974 899 1103 962 moneri
1123 899 1203 964 data
1228 899 1390 964 Fulvium

295 1000 474 1066 decolorat.
519 1001 694 1067 Enimvero
716 1021 827 1085 neque
852 996 1253 1066 PauaetioAlricanomm
1270 1020 1391 1067 secun-

295 1103 371 1180 dus,
392 1121 499 1188 neque
514 1104 630 1186 Opillo
644 1103 809 1180 Rutilius,
834 1103 888 1167 vel
912 1101 1034 1184 cyneae
1056 1101 1216 1184 Pyrrhus,
1243 1109 1299 1168 aut
1314 1102 1391 1166 Me-

294 1204 428 1271 trodoro
441 1224 505 1270 suo
521 1203 735 1270 Mithridates
749 1205 914 1268 Ponticus
932 1204 1120 1268 liberalium
1134 1204 1390 1286 disciplinarum

293 1306 400 1390 pretia
428 1306 608 1371 solverunt.
664 1304 713 1369 At
739 1324 829 1370 nnuc
855 1304 1101 1368 eruditissimus
1124 1304 1324 1386 Imperator,
1353 1312 1389 1372 et

295 1425 397 1490 opum
411 1409 524 1490 largus
539 1407 760 1485 othonorum,
782 1405 881 1490 quasi
897 1425 959 1488 pro
976 1425 1078 1470 usura
1094 1406 1155 1470 tibi
1175 1408 1314 1488 praemia
1328 1407 1389 1470 de-

294 1507 415 1586 tulerit,
428 1509 475 1571 ita
495 1527 594 1590 super
608 1514 730 1570 sortem
745 1507 885 1571 soenoris
898 1505 1014 1570 reddit.
1029 1503 1037 1520 ⁰
1060 1506 1100 1572 In
1114 1508 1178 1572 bac
1193 1513 1287 1571 tanta
1300 1509 1394 1574 laeti..
1504 1521 1505 1524 ¹

293 1609 443 1686 tiemari,
459 1609 583 1692 quibus
598 1608 708 1672 verbis
723 1608 860 1686 diluam,
874 1607 967 1691 quod
982 1608 1104 1672 adesse
1120 1628 1187 1672 non
1201 1610 1391 1692 possumlh

295 1709 406 1775 Nimis
420 1730 541 1788 vereor,
556 1729 599 1775 ne
613 1710 700 1775 male
723 1710 962 1793 interpretatus
986 1711 1241 1774 excusationem
1264 1732 1388 1791 meam,

167 1817 171 1825 ‘
294 1819 454 1897 quantum
480 1811 543 1876 tibi
569 1811 713 1893 gratulor
735 1831 852 1895 parum
876 1811 1004 1876 credas.
1050 1810 1178 1894 Optavi
1206 1813 1251 1876 ad
1270 1815 1390 1880 oculos

293 1917 370 1976 tuos
393 1914 515 1996 raptim
537 1912 667 1980 venire:
691 1912 751 1977 sed
773 1913 886 1978 fessus
910 1914 1040 1992 virium,
1063 1932 1148 1994 quas
1170 1913 1228 1977 din
1251 1917 1389 1981 morbus

293 2013 462 2091 exhausit,
477 2013 598 2077 itiones
611 2012 743 2095 longas,
765 2020 801 2078 et
815 2015 1007 2078 mansiones
1023 2033 1172 2097 asperas,
1187 2023 1256 2079 tum
1271 2036 1389 2082 acces·
1504 2087 1505 2096 χ

294 2113 406 2176 siones
421 2112 589 2195 frigorum,
614 2119 647 2178 et
672 2113 882 2178 decessiones
902 2115 1042 2194 dierum,
1064 2135 1207 2199 quaeque
1227 2117 1293 2182 alia
1308 2127 1389 2182 sunt
1504 2097 1505 2118 ¹

291 2231 393 2278 noxae
409 2221 610 2298 opportuna,
626 2215 740 2279 vitavi.
785 2215 823 2280 Si
838 2236 911 2279 sum
927 2216 990 2280 tibi
1004 2224 1174 2299 spectatus
1196 2237 1240 2281 ex
1263 2221 1388 2298 animo,
1504 2233 1505 2266 ³

292 2305 410 2397 quaeso
425 2320 462 2388 ut
480 2335 596 2397 aequos
611 2315 659 2380 sis
674 2317 764 2395 mihi,
786 2323 886 2400 atque
901 2318 961 2381 has
976 2319 1191 2400 allegationes
1206 2321 1285 2384 honi
1299 2341 1386 2386 con·

294 2415 396 2478 sulas.
441 2414 525 2478 Fors
537 2415 619 2492 fuat,
630 2437 672 2480 an
686 2419 898 2482 obtineamus
915 2419 1007 2500 apud
1023 2426 1055 2482 te
1069 2426 1209 2484 veterem
1224 2425 1385 2505 gratiam:

292 2533 379 2578 nunc
394 2515 483 2599 quod
498 2516 581 2579 satis
596 2527 658 2595 est,
680 2518 866 2584 eluctemur
880 2519 1050 2584 offensam.

787 2682 899 2732 NOTAE

293 2778 494 2842 utjamnotavi.
858 2793 909 2846 qua
930 2781 994 2832 urbe
1013 2781 1155 2832 Ausonium
1178 2799 1248 2849 stepo
1275 2783 1386 2836 diximus

324 2853 439 2906 *Aoos
464 2869 510 2903 ooo
529 2854 634 2918 mam]
650 2855 767 2918 Treveri,
791 2856 819 2906 in
858 2860 1016 2908 consulatum
1028 2859 1140 2909 inivisse.

592 3050 626 3096 V.
650 3045 885 3097 SYMMACHUS
908 3049 1085 3097 absumo.

335 3149 434 3213 Post·
453 3150 590 3230 longum
610 3149 780 3214 silentium
803 3158 896 3213 tuum
920 3171 987 3216 non
1010 3151 1118 3216 minus
1138 3151 1385 3230 desiderabam,

291 3267 394 3331 quam
419 3252 610 3333 sperabam,
634 3250 748 3314 literas
768 3251 948 3332 longiores
993 3252 1150 3337 Namque
1174 3253 1226 3318 his
1253 3255 1386 3320 vicibus

288 3351 436 3418 ,humana
455 3352 630 3429 variantur,
652 3357 691 3415 ut
716 3352 861 3417 defectui
888 3354 1049 3419 succedat
1073 3357 1219 3420 ubertas.
1262 3355 1315 3420 Ea
1333 3376 1387 3420 me

97 3465 101 3476 ’
171 3500 173 3504 .
293 3449 408 3532 opinio
423 3449 546 3514 frustra
560 3451 695 3516 habuitt
718 3452 881 3536 siquidem
895 3455 1004 3518 brevis
1020 3455 1056 3517 in
1070 3475 1186 3523 manus
1209 3475 1300 3520 meas
1323 3476 1387 3538 pa-

293 3551 370 3634 gina
383 3569 500 3616 recens
516 3569 536 3616 a
552 3557 587 3616 te
601 3552 750 3635 prosecta
764 3555 926 3637 pervenit.
971 3555 1055 3619 Erat
1073 3556 1206 3639 quidem
1221 3557 1281 3622 ille
1294 3555 1387 3620 Atti·

292 3655 342 3719 cis
357 3654 485 3718 salibus
500 3673 639 3737 aspersa
662 3661 695 3719 et
716 3654 830 3738 thymo
855 3656 976 3737 odora3
999 3658 1058 3721 sed
1073 3659 1209 3741 parcior
1223 3678 1299 3741 quae
1314 3677 1385 3720 ma·

292 3756 344 3838 gis
357 3755 529 3820 fastidium
543 3757 736 3839 detergeret,
744 3777 846 3840 qnam
860 3758 982 3823 samem
997 3758 1172 3839 frangeret.
1215 3758 1330 3838 Quina
1353 3761 1386 3826 si

293 3875 356 3940 ego
371 3876 489 3923 coenas
503 3857 679 3942 dapsiles,⁸
701 3863 734 3922 et
755 3858 885 3924 Saliare
908 3859 1125 3940 convivium,b
1147 3867 1216 3926 tum
1239 3863 1386 3927 viscera·

785 3999 891 4050 NOTAE

323 4099 336 4128 ⁸
348 4091 818 4158 Goeaosdopsilea1Legontaliidopoles.
858 4095 946 4159 epulas
958 4097 1117 4160 privatorum
1128 4103 1219 4150 auctor
1230 4097 1334 4150 Servius
1351 4098 1385 4150 td

291 4166 397 4230 Laetae,
407 4167 538 4232 opiparas.
555 4167 817 4233 Deperregmuesse:
858 4185 896 4223 vs.
906 4175 964 4224 tto.
974 4172 1096 4224 AEneidos
1108 4186 1127 4224 r.
