3026 4898
568 359 745 406 cornum.
1127 343 1185 410 ort

103 503 383 594 ordecim‘fignras
393 513 608 594 geometricas
618 513 763 578 hubent.¹
778 513 862 576 Sunt
873 513 959 577 enim
970 511 1193 596 aequilaterusy

102 679 171 728 Non
180 679 224 728 stu
238 687 292 730 sunl
302 680 453 744 equitaturo.-
469 688 511 730 out
529 683 700 746 triangularis:
717 699 747 732 su
765 685 833 733 ttaets
851 686 939 734 rectis:
955 689 991 735 uel
1006 687 1102 747 ungulis
1113 683 1191 748 scrib,

598 827 703 878 NOTAE

102 917 253 970 Tormento.
270 921 320 970 Fas
331 926 373 971 est
382 922 472 971 ludere
482 921 630 985 virginibus.
671 936 794 985 mensam,
814 922 942 987 gallinam,
959 929 1071 984 anatem,
1091 923 1209 990 naricum

103 993 249 1058 Frangunt,
264 998 427 1048 Marmaricis
442 999 554 1061 Elephas
564 997 630 1062 quod
671 998 730 1062 iam,
739 1001 824 1059 etalia
835 1002 915 1050 multa
925 1000 1000 1048 modo
1009 998 1194 1062 complicando.

104 1068 177 1117 misit
198 1070 230 1119 ab
248 1072 326 1133 srvis,
346 1073 400 1122 Per
419 1073 497 1123 micas
517 1087 630 1136 sparsum
670 1075 746 1124 modo
757 1075 910 1139 explicando
924 1075 1066 1124 imitantur.

90 1155 166 1190 mox
182 1143 310 1194 solidatur
328 1160 401 1208 opus.
433 1149 476 1196 De
493 1147 575 1195 Poeno
592 1155 631 1196 te·
712 1159 725 1184 ¹
743 1152 923 1208 Quuluordrcim
934 1151 1040 1215 suffuror,
1060 1152 1102 1212 tro.
1133 1147 1193 1197 Sunt

105 1230 176 1268 nerae
205 1219 309 1270 discunt
336 1236 395 1271 curn
422 1221 512 1270 fraude
536 1223 629 1285 jocari.
670 1225 731 1274 euim
747 1226 891 1288 epuilolero,
907 1223 960 1288 tro]
975 1226 1127 1287 Quanquam
1143 1235 1194 1270 non

105 1289 121 1320 '
138 1293 205 1341 Nasu
225 1293 310 1344 ridere
328 1296 398 1344 necis
416 1309 531 1352 munere,
551 1296 631 1344 lierni·
670 1298 862 1362 qustuordecim
884 1297 999 1347 diversas
1019 1296 1114 1361 figuras
1134 1309 1195 1343 mox

104 1379 182 1415 neum
194 1373 243 1418 est.
276 1369 393 1432 Angusta
403 1377 498 1418 norunt
510 1384 549 1418 res
561 1371 631 1419 mille
670 1380 813 1434 enumeret,
829 1379 859 1422 ut
870 1379 957 1422 temen
968 1373 1030 1421 nibil
1047 1373 1074 1421 iu
1091 1370 1139 1418 buc
1149 1383 1195 1417 nu·

105 1441 239 1492 includere
261 1459 357 1508 cupre:
384 1447 468 1496 Omne
488 1446 552 1496 ebur
572 1447 631 1507 boc,
670 1462 740 1496 mero
751 1453 875 1497 mutatum
884 1447 971 1508 velim,
979 1446 1042 1496 facit
1050 1447 1121 1495 locus
1132 1444 1196 1508 Fur·

103 1516 207 1576 muller,
219 1521 333 1580 pectoris
344 1534 405 1570 arca
416 1521 453 1570 tui
464 1520 519 1570 est!
536 1521 631 1570 Atilius
670 1523 797 1572 tunutiaui
819 1536 897 1584 supra
924 1523 1024 1570 allatus.
1066 1521 1101 1568 Et
1122 1525 1195 1567 certe

105 1592 304 1643 Fonuuatianus
322 1594 356 1645 de
377 1597 475 1659 metris,
494 1598 581 1658 eapite
599 1599 631 1646 de
671 1597 866 1660 triangularium
883 1595 1021 1645 formarum
1032 1600 1130 1658 septem
1143 1607 1196 1642 om-

104 1666 332 1732 Hendecasyllabo
349 1671 499 1722 Pbalaecio:
511 1673 595 1722 ‘Nam
610 1674 633 1722 si
670 1672 731 1720 uiuo
742 1673 819 1721 varie
831 1670 1006 1735 speeiesliugi
1021 1676 1145 1733 possunt:
1162 1683 1195 1714 m·

103 1743 204 1793 loculus
220 1744 265 1793 iile
282 1744 459 1795 Archimedius
477 1747 632 1810 quatuorde-
671 1747 854 1809 quilnterorum
872 1744 975 1810 quidem
993 1750 1092 1794 tanturn
1112 1743 1197 1807 unica,

104 1817 157 1866 cim
176 1817 282 1867 eboreas
298 1819 422 1880 lamellas,
439 1821 557 1884 [observa
573 1822 632 1870 tuti·
672 1835 754 1884 eaque
776 1821 921 1884 oxygonia3
947 1833 1021 1868 crure
1050 1819 1114 1882 pari,
1138 1831 1195 1881 qum

105 1891 634 1962 dembicponiabAusonioliguras‚]quo·
672 1891 1196 1955 Graeeiicouueuirvocant,tres,oxyg0nia

104 1977 164 2015 rum
184 1969 269 2030 anguli
288 1971 351 2018 varii
370 1979 439 2033 aaut,
460 1972 488 2020 in
508 1973 633 2035 quadrata
672 1983 717 2017 aen
730 1970 812 2018 acutis
827 1969 943 2018 omnibus
958 1967 1194 2030 angulis,nrtbogo-

105 2039 189 2090 forma
199 2041 309 2092 inclusas
319 2043 406 2107 babet,
422 2046 633 2109 componentibus
672 2045 725 2104 ula,
739 2049 838 2093 rectum
858 2059 934 2094 unum
952 2043 1072 2104 angulum
1090 2040 1196 2101 babens,

105 2114 179 2163 nobis
196 2115 281 2178 aliter,
297 2123 375 2181 atque
394 2120 478 2182 aliter,
493 2121 570 2169 modo
589 2136 632 2183 ga·
671 2126 699 2168 et
710 2119 871 2182 amblygouia
882 2133 939 2183 quae
957 2119 1035 2166 babet
1055 2130 1131 2164 nuum
1151 2115 1196 2164 ob·

104 2188 184 2250 lenm,
202 2189 277 2239 modo
294 2192 386 2254 sicam,
403 2194 466 2242 alias
480 2196 632 2256 columnam,
672 2200 764 2241 tusum.
791 2192 924 2254 Similiter,
935 2197 962 2240 et
973 2189 1196 2252 acalendrnm,seu

104 2263 168 2312 alias
179 2277 270 2312 navem
283 2265 387 2328 figurat,
398 2275 426 2317 et
437 2269 633 2319 innumerabiles
669 2263 795 2316 lateribus
807 2266 921 2316 unrrribus
938 2264 1106 2329 iuaequalibus
1117 2263 1196 2313 tutan·

105 2335 188 2388 efficit
197 2340 313 2401 species:
325 2343 475 2408 solebatque
486 2345 559 2394 nobis
571 2359 632 2407 pue·
673 2343 789 2406 culorum
808 2350 860 2391 tres
877 2355 979 2405 quoque
989 2355 1035 2403 ΡΜ
1046 2340 1197 2402 ⁸⁰8⁰¹0r¹¹¹¹¹

106 2412 142 2461 ris
157 2412 200 2462 bic
219 2415 316 2464 locutus
327 2417 361 2465 ad
371 2417 569 2468 confirmandam
580 2435 632 2470 me·
672 2420 773 2468 ratione
785 2420 885 2481 speclea
896 2430 951 2466 esse
969 2423 1082 2478 possunt,
1099 2429 1196 2479 ortyga*

105 2487 213 2536 moriam
228 2489 364 2551 plurimum
383 2493 519 2554 prodesse:
536 2499 633 2557 quanto
673 2491 1103 2558 uta,orthogoniactambtygonta.
1120 2489 1196 2541 Quod

106 2561 232 2625 majorem
250 2571 338 2626 potest
356 2567 427 2616 uobis
438 2565 530 2616 offerre
542 2571 631 2632 volup-
673 2570 695 2616 si
706 2568 773 2618 binae
785 2567 985 2629 uniuscujusque
996 2565 1092 2627 speciei
1110 2563 1198 2612 lamel-

106 2645 199 2700 tatem‚
215 2647 362 2704 quantoque
380 2643 522 2704 pleniorem
537 2645 632 2694 utilita·
673 2644 706 2692 lae
717 2643 874 2693 inculoculo
885 2639 1127 2698 Archimedico,seu
1137 2652 1198 2702 qua·

106 2719 162 2760 tem
172 2714 284 2762 carmina
300 2715 633 2768 intermanusbabentibus
672 2718 748 2767 drata
776 2717 890 2780 capsula,
907 2714 987 2764 fuisse
1011 2713 1199 2774 intelligantur,

106 2793 248 2836 metrorum
265 2789 336 2838 varia
353 2793 482 2853 tractatio,
500 2808 558 2842 cum
575 2794 634 2842 sub·
672 2787 1137 2855 fletuumerusquatuordecim,quem
1145 2785 1198 2836 An·

106 2860 170 2909 inde
181 2862 250 2924 apud
262 2862 350 2926 politos
361 2879 401 2928 ea,
419 2880 476 2930 qum
486 2868 579 2918 fallunt
587 2870 633 2918 im·
672 2867 758 2916 senius
769 2873 796 2916 et
807 2865 1005 2916 Fortunatiauus
1014 2862 1115 2910 babent.
1132 2861 1197 2909 Mit·

107 2935 218 2998 peritos,
228 2946 310 2986 metra
320 2938 417 2989 inserta
427 2943 547 3006 numeris,
559 2949 585 2992 et
596 2944 633 2992 in·
672 2951 710 3003 tc,
725 2942 793 3005 quod
811 2948 911 3003 septem
931 2937 1113 3000 praedictarum
1134 2945 1197 2982 nna*

107 3011 635 3078 termixtscarminibusdeprehendamus?
672 3029 782 3080 quaeque
793 3015 893 3078 species
904 3011 998 3062 variari
1015 3009 1099 3059 multis
1116 3007 1198 3058 modis

108 3087 150 3134 Ex
167 3086 207 3134 bis
225 3087 324 3140 dnobus
343 3091 416 3152 locis,
434 3091 559 3141 ludicrum
571 3093 634 3141 illud
673 3097 770 3156 potest,
789 3095 865 3153 prout
880 3089 960 3150 magis
972 3086 1014 3134 vel
1024 3085 1106 3134 miuus
1117 3085 1199 3145 acuti,

8 3196 13 3208 .
107 3163 278 3211 ossiculorum
294 3178 341 3212 seu
358 3166 515 3215 lumellarurn
526 3168 634 3216 eburne·
674 3176 719 3218 aut
727 3165 812 3216 obtusi
821 3178 906 3214 earum
915 3162 1001 3226 anguli
1012 3159 1084 3222 fient,
1091 3165 1119 3208 et
1127 3157 1197 3222 quod

108 3250 181 3286 orum
192 3237 315 3301 graphice
329 3239 541 3303 depingentibus,
556 3239 634 3290 facile
674 3243 731 3292 allec
739 3255 841 3306 quoque
851 3255 925 3305 quem
933 3237 1101 3300 triangulares
1109 3232 1198 3283 forman

108 3309 247 3374 θῖῖὓῦῑῐῠῐ,
275 3313 410 3375 legendum
430 3315 471 3365 bic
492 3313 635 3376 ducenarius
675 3315 1001 3379 fuisseinrstligipossuut.
1023 3308 1119 3361 Quidni
1130 3309 1199 3358 enim

108 3385 157 3436 ¹¹⁰0
178 3393 229 3448 ²⁵¹»
246 3389 424 3451 ⁰⁸⁸i⁰¹¹¹⁰¹1¹ms
451 3397 478 3439 ⁰¹
498 3391 589 3454 omen,
607 3392 634 3441 id
674 3407 722 3459 per
739 3394 796 3441 boec
812 3391 890 3440 rerba
900 3387 1006 3437 Ausonii
1021 3383 1152 3434 ‘extentis
1170 3383 1199 3430 li·

108 3470 160 3524 est,
169 3461 290 3524 ossicula3
298 3469 440 3512 nouantem
449 3465 536 3514 ωοὶὶὶα.
552 3465 636 3517 Erant
674 3468 746 3516 neis:
764 3472 810 3516 ant
820 3465 888 3514 tritis
900 3462 1008 3525 angulis,
1019 3460 1061 3508 vel
1070 3455 1200 3522 obliquis,'

106 3537 211 3587 scilicet
221 3537 330 3586 ossicula
340 3552 385 3587 seu
395 3539 503 3588 lamellae
514 3538 634 3590 eburnea
674 3541 846 3604 intelligamus
853 3538 1127 3602 parallelogrammum,
1134 3541 1201 3583 recu.

107 3613 199 3662 mattae
220 3613 267 3677 (ad
287 3614 480 3676 quatuordecim
502 3610 581 3662 foisse
602 3628 635 3664 uu
675 3617 807 3680 angulum,
818 3621 846 3662 et
856 3610 1081 3676 obliquaugulusnl

108 3687 169 3750 boc,
185 3692 214 3736 et
233 3686 411 3736 Fortunatiani
429 3689 487 3738 luco
505 3690 637 3752 cognosci·
706 3692 799 3739 suunt
813 3689 875 3738 enim
884 3688 1029 3748 aquilam,
1044 3681 1097 3746 gu]
1120 3681 1200 3732 Nunc

108 3763 165 3828 tur)
175 3766 202 3814 in
212 3765 396 3828 triangulorum
405 3765 533 3814 rariorum
542 3763 637 3814 formas
677 3765 766 3817 ordine
786 3764 842 3814 lraee
862 3763 897 3812 ab
918 3760 1032 3811 Ausonio
1051 3771 1199 3807 enumeran-

108 3845 201 3902 sectas,
217 3853 250 3888 ex
265 3837 358 3903 quibus
368 3839 439 3889 sarie
450 3840 519 3889 iuter
529 3853 558 3888 se
569 3853 639 3888 cnm·
677 3847 728 3889 tur.
756 3839 795 3889 Ut
805 3835 897 3901 aliquis
906 3836 932 3883 in
944 3834 975 3882 lis
987 3832 1050 3881 ordo
1060 3839 1200 3890 statuatur,

108 3914 193 3964 missis
203 3913 277 3976 pueri
287 3914 372 3962 varias
382 3913 561 3977 exprimebant
572 3913 637 3976 figu-
676 3912 863 3963 observandum
875 3908 1000 3970 triangula
1013 3905 1096 3956 dividi
1107 3904 1147 3952 rel
1160 3917 1200 3950 ra·

108 3989 396 4042 mintertadcndam,
418 3991 506 4041 Simile
516 3988 636 4054 quiddam
676 3991 746 4039 tione
766 3989 876 4036 laterum
898 3999 943 4034 seu
963 3983 1087 4032 linearum
1106 3976 1199 4062 quibus

110 4072 242 4116 uostrutes
262 4066 337 4129 pueri
360 4065 469 4129 faciunt,
489 4080 547 4116 cum
567 4059 636 4115 com·
676 4061 934 4127 comprehenduntur,
950 4056 997 4121 (de
1014 4052 1154 4102 rectilineus
1172 4055 1201 4100 et

110 4140 210 4203 plicata
234 4139 260 4189 in
284 4143 366 4190 multa
391 4141 520 4205 triangula
541 4143 638 4208 charta,
676 4138 759 4202 planis
783 4135 917 4199 triangulis
938 4128 1076 4194 loquimur,
1095 4138 1147 4175 non
1166 4125 1200 4174 ds
