3034 4878
575 360 783 409 esemona.
1159 347 1223 412 847

135 522 180 567 ex
194 504 326 568 vulnero
340 504 375 567 in
391 503 604 568 Pamasso¹⁸
625 481 793 587 quandam
820 506 889 568 suis
913 499 1012 570 dent'a
1033 525 1224 590 percussus.

134 604 216 682 Quo
231 611 434 687 argumento,
450 605 615 670 alumnum
630 627 724 670 saum
737 625 811 670 csse
826 607 986 686 agnoscit.
1031 607 1098 671 Sed
1112 609 1154 672 ab
1169 628 1225 672 eo-

139 709 226 785 dem,
241 726 283 770 na
298 706 379 790 quid
395 707 479 771 ultra
492 708 546 771 vel
560 712 700 791 quaerat,
715 708 767 771 vel
782 708 915 788 garriat,
926 705 1107 771 coiircetur.

134 887 243 936 dedalea
257 890 401 950 plagarum
420 888 482 936 mres
493 887 583 945 saissa
601 889 656 937 olim
667 891 735 938 dente
754 888 807 950 apri
822 887 848 936 in
861 889 986 937 Parnasso.
1016 889 1068 943 an
1082 889 1171 938 indicio
1182 905 1224 949 ag-

133 954 210 1001 noscit
220 967 272 1002 cam
288 967 336 1002 esse
347 967 413 1001 snam
430 955 555 1003 namnum.
587 953 672 1002 Veram
688 953 822 1016 prohibetur
832 952 862 1001 ab
881 952 931 1014 ipso
945 966 973 1002 nc
983 952 1071 1015 aliairid
1080 955 1180 1017 amptius
1191 954 1226 1002 in·

134 1017 223 1080 quirat,
233 1023 273 1066 ant
285 1017 420 1066 deblaterat.

589 1113 769 1134 mon

167 1212 179 1256 l
200 1206 252 1257 Alii
264 1208 394 1273 Parnasso:
410 1207 453 1256 alil
466 1208 581 1258 Parnaso

624 1319 732 1370 NOTAE

167 1425 179 1450 ⁸
195 1417 224 1466 ln
235 1416 366 1480 Parnasso]
383 1415 593 1480 nnpnnalrhabet
604 1415 658 1466 Ha·
699 1421 751 1465 tear
760 1415 944 1479 cunrAatolyci
952 1415 1009 1464 filiis
1016 1415 1118 1466 Ulixem
1125 1415 1225 1480 abapro

134 1507 221 1542 meras
233 1492 354 1556 Antalyci
365 1494 475 1556 patriam
494 1492 658 1542 materniani
699 1505 847 1554 percassam
873 1497 998 1540 memorat
1023 1492 1066 1541 hic
1088 1492 1225 1544 Homerus.

135 1569 229 1630 Ulixis,
239 1569 307 1618 unde
316 1569 385 1618 urbis
394 1569 435 1618 hic
442 1582 534 1618 nomeu
544 1582 600 1617 esse
608 1582 659 1617 nou
701 1566 811 1616 Vinctus
819 1572 906 1616 tamen
916 1567 948 1616 dc
957 1568 1084 1617 Parnasso
1094 1576 1180 1618 monte
1190 1571 1225 1618 lo-

127 1644 227 1696 mentis
237 1644 306 1694 illins
318 1643 513 1693 celebratissimi
522 1643 660 1694 Accarsias
700 1657 757 1690 cam
769 1643 835 1692 hanc
847 1643 1016 1706 intelligit,et
1024 1645 1164 1695 Parnasum
1174 1661 1226 1703 uao

134 1734 184 1768 non
207 1719 335 1768 immerito
354 1719 483 1769 observat.
520 1719 551 1768 ln
573 1725 659 1769 monte
700 1717 854 1781 Sacriptnm
864 1715 944 1769 fuisse
954 1718 1083 1770 observat.

135 1801 220 1844 autem
233 1801 260 1844 et
271 1794 343 1858 sylva
351 1795 466 1844 Parnaso
475 1793 559 1844 vicina
567 1807 660 1843 venan-

392 2013 580 2062 rsaaoerm
598 2011 668 2060 xx.
685 2011 872 2062 onvssam.
902 1998 967 2063 464

224 2145 356 2234 Jamque
371 2169 479 2232 procos
493 2169 595 2233 gemla
615 2145 795 2231 amplectens
815 2144 1055 2216 orabatUliaes.

178 2285 210 2349 2.
232 2284 460 2367 Epulantibns
475 2284 588 2366 procis
603 2281 802 2366 Clesippus¹
820 2282 854 2346 in
870 2280 1006 2346 Ulixem
1027 2300 1102 2346 crus
1118 2283 1226 2348 bubu-

135 2387 202 2450 lam
218 2387 319 2469 jacit:
342 2385 401 2450 sed
428 2383 653 2447 destinatione
677 2401 746 2448 non
776 2383 915 2466 potitur.
958 2382 1226 2468 Theoclymcnus

136 2493 256 2566 autam,
271 2486 364 2570 apud
384 2486 577 2550 ithacenses
597 2483 815 2548 divinationis
835 2485 1029 2568 expertus·
1049 2486 1226 2550 imminens

168 2669 261 2731 Etjarn
275 2669 359 2718 Ulixes
368 2669 507 2732 precabatur
516 2682 598 2730 procos
607 2668 745 2730 amplectens
756 2681 834 2716 earnm
844 2681 929 2726 genna.

169 2737 229 2783 Cam
244 2735 311 2796 proci
326 2734 511 2791 conmanentes,
523 2731 647 2792 Ctesippas
664 2731 739 2778 mittit
753 2731 780 2778 in
795 2730 890 2778 Utinam
905 2743 958 2778 cras
971 2727 1050 2775 bans:
1067 2733 1093 2776 at
1108 2742 1154 2776 non
1171 2742 1226 2790 per-

135 2799 194 2848 cutit
205 2813 256 2848 earn
266 2803 293 2848 nt
303 2798 415 2847 tabuerat
425 2797 451 2845 in
466 2796 552 2845 animo.
578 2795 757 2855 l'toeoctynrenaa
772 2807 835 2858 cero,
844 2797 910 2842 vates
923 2792 1030 2854 cognitio
1045 2793 1107 2856 apud
1118 2792 1226 2841 ltiacen·

169 3046 182 3089 l
200 3041 327 3104 Eresippus
338 3040 405 3102 vulg.
420 3038 479 3088 Vid.
492 3037 555 3087 Not.
567 3035 614 3086 inf.

632 3168 741 3220 NOTAE

168 3292 181 3319 ⁸
196 3285 359 3338 Divinationis
377 3283 497 3346 scamas]
526 3283 557 3332 ln
577 3283 661 3333 veteri
700 3273 1141 3342 tioniiecpcrta,lrocest,cognltus
1153 3287 1228 3336 prop·

137 3365 201 3414 cod.
212 3362 365 3413 divinationis
374 3377 405 3411 ea
413 3365 491 3423 parte,
503 3359 570 3408 ande
581 3359 660 3407 Vine-
701 3364 743 3407 ter
753 3355 947 3416 divinationem,
965 3366 1041 3417 qnam
1052 3350 1101 3400 etsi
1115 3349 1228 3415 nondum

136 3447 189 3503 tas,
198 3440 351 3488 divinationis
361 3442 472 3500 aperta.
494 3435 544 3484 Sed
556 3433 661 3484 obstare
701 3434 728 3482 in
737 3433 826 3482 Ithaca
835 3429 1002 3490 exercuisset,
1012 3433 1133 3492 potuerat
1143 3432 1228 3475 tamen

136 3511 661 3579 videtur,qaodArgivasillevates'llreo·
701 3506 925 3558 abltliaccnsibus
935 3505 1062 3568 aliquibus
1071 3501 1228 3566 rogatasAr·

135 3593 268 3654 clymenus
287 3603 344 3639 cram
363 3587 516 3638 Telemacho
534 3600 616 3651 nisper
635 3586 662 3635 in
702 3585 782 3648 gisia
803 3597 847 3633 saa
865 3581 950 3646 patria
966 3578 1053 3632 sutura
1067 3577 1229 3642 predixisse,

136 3668 253 3717 Ithacam
281 3670 407 3726 venerat3
434 3661 562 3726 quomado
590 3675 662 3724 ergo,
701 3663 786 3726 sicque
804 3672 897 3709 nomen
913 3657 977 3707 clari
989 3655 1055 3704 vatis
1067 3653 1093 3700 in
1105 3652 1229 3700 aninsula

135 3747 198 3808 amad
224 3744 357 3792 ithacenses
377 3739 531 3790 divinationis
550 3745 663 3800 experta,
698 3739 754 3800 jam
768 3743 830 3786 ante
848 3735 987 3786 adventum
1004 3743 1076 3779 suum
1094 3727 1227 3785 obtinere5

135 3820 223 3884 potnit
244 3833 302 3868 esse
321 3831 401 3868 novus
423 3815 534 3878 hostien?
567 3813 663 3862 'lollius
702 3814 810 3878 hacque
826 3812 891 3860 adeo
902 3821 979 3857 caasa
990 3819 1047 3855 esse
1059 3804 1143 3868 potnit
1155 3803 1229 3881 Telej

136 3895 195 3945 idea
212 3894 315 3955 retinet,
330 3892 484 3942 divinationis
501 3894 618 3953 apertas,
635 3883 670 3944 et'¹
702 3889 955 3938 machoeamaecum
966 3879 1118 3933 abducendi.
1135 3878 1229 3941 ltaque

135 3971 334 4034 interpretatur,
346 3966 526 4017 ‘divinationis
536 3979 588 4014 snae
600 3972 663 4013 trrnc
701 3965 757 4014 siva
768 3966 879 4024 renata,
897 3959 951 4006 sive
968 3961 1077 4020 expertas
1088 3956 1165 4018 legas,
1177 3962 1229 4002 sta·

135 4045 246 4111 primum
255 4045 396 4109 pericnlum
406 4041 504 4090 faciens
514 4040 582 4104 apud
593 4032 663 4089 lrhass
702 4040 741 4089 bit
751 4034 938 4100 Interpretatio
948 4041 1050 4083 nostra:
1063 4033 1158 4082 ‘Vates
1168 4045 1227 4096 cog-

137 4120 246 4182 ccnses,'
265 4120 311 4170 sed
332 4126 359 4169 ct
383 4117 534 4168 dieinationio
554 4120 664 4179 expertas
701 4112 851 4179 nitusapnd
864 4107 1032 4162 ltlracenses.’

137 4198 227 4249 eodem
240 4205 314 4248 sensa
325 4195 408 4261 accipi
421 4199 506 4259 potest
515 4193 663 4259 qaodirina·
