3026 4898
583 382 762 434 unionis.

121 527 283 592 Proxima
297 524 468 589 Lernaeum
482 523 565 586 ierro
579 529 614 587 ot
626 523 699 590 iace
714 523 866 588 contudit
878 524 1024 606 hydram.

121 627 209 690 Mox
224 625 479 709 Erymantheum
493 623 544 686 vis
558 623 656 689 tertia
669 625 811 706 perculit
825 643 952 706 aprum.

120 726 292 810 AEripedis
306 732 425 809 quartu
440 725 514 788 tulit
526 741 629 788 aurea
643 741 766 788 cornua
779 724 879 788 cervi.

121 826 370 910 Stymphalidas
385 824 517 910 pepulit
529 823 681 890 volucres
693 821 883 887 discrimine
896 823 1019 906 quinto.
1184 829 1207 892 5

120 1041 1208 1178 *twotrmffllfflmrrm

612 1277 717 1330 NOTAE

154 1401 169 1431 '⁵
198 1401 286 1452 Greci
306 1401 446 1451 Herculem
474 1401 546 1466 qussi
571 1399 646 1462 ’Ἤρας
685 1402 1208 1471 rycnem,decimo,triplleieurncorpure

114 1476 409 1551 jsaiosdictumrolunt.
442 1475 563 1540 Ejusdem
575 1477 646 1526 iabu-
686 1477 758 1528 vicit.
797 1479 950 1542 Undecimo,
974 1479 1121 1529 abstructus
1142 1481 1207 1530 vidit

122 1551 242 1616 resapud
251 1551 326 1614 virg.
335 1550 435 1601 IEueid.
446 1565 508 1601 rus.
518 1551 647 1602 Juvenum
686 1565 753 1600 nova
777 1551 905 1602 Cerberus
939 1559 1018 1604 nstra.
1060 1555 1208 1612 Postremo,

121 1630 220 1680 Chorus
232 1634 260 1677 et
270 1629 365 1677 Senum
378 1627 456 1676 cauit.
477 1626 503 1675 si
515 1627 570 1689 quis
581 1625 647 1674 che·
687 1625 860 1689 Hesperidum
869 1627 953 1676 victor
964 1628 1023 1676 tulit
1035 1643 1114 1678 aurea
1123 1631 1209 1682 msia.’

121 1705 174 1754 mia
183 1703 342 1764 delectatur,
353 1701 430 1750 adeat
438 1700 548 1750 'suillum
558 1700 585 1748 in
594 1699 646 1748 ior·
687 1701 756 1749 Vide
766 1701 870 1752 Seneca
882 1703 1022 1752 Herculem
1032 1705 1144 1754 OEtreum
1155 1711 1207 1755 act.

123 1777 196 1828 tultis
214 1791 240 1839 p.
257 1780 299 1825 45.
331 1775 409 1825 Hauc
424 1774 458 1824 de
477 1773 592 1823 Hercule
608 1771 645 1822 fn-
686 1781 788 1825 r.sc.1.

127 1851 233 1911 bellam,
245 1855 376 1913 totamque
390 1847 532 1899 fsbularem
543 1847 645 1896 histori-
719 1849 805 1899 Priurs
814 1850 930 1914 urum]
941 1835 1045 1900 Primus
1056 1851 1129 1902 labor
1141 1853 1208 1902 Her·

123 1940 175 1988 arn,
187 1924 220 1974 ad
230 1925 361 1974 Cheminm
370 1923 501 1986 pertinere
511 1922 548 1970 ibi
560 1923 648 1972 asseri·
688 1926 740 1974 culi
759 1926 898 1990 imperatus
927 1927 959 1976 ab
986 1928 1130 1990 Eurystheo
1151 1930 1209 1992 My·

123 2007 174 2050 tur.
194 2000 202 2027 ‘
214 1997 318 2062 Angues
330 1997 398 2060 dno,’
408 1997 461 2046 duo
472 2003 532 2046 suut
542 1997 648 2059 spiritus
688 2014 814 2050 carnarum
825 2015 896 2065 rege,
906 2001 1017 2052 Junoni.
1027 2002 1161 2053 instinctu,

122 2073 255 2134 volatiles,
271 2072 369 2121 Auidus
387 2081 415 2122 et
432 2072 574 2135 Alcalicus,
584 2085 648 2136 quus
722 2075 839 2125 σιωπαί.
851 2074 972 2138 ..1ιωιίε]
1000 2075 1094 2124 Leonis
1114 2077 1139 2126 in
1156 2077 1210 2126 Ne.

115 2147 255 2208 ,Hercules
273 2145 338 2196 fixos
360 2145 485 2208 reddidit,
504 2145 554 2194 hoc
578 2146 648 2194 enirn
687 2163 746 2198 mea
765 2151 837 2212 sylva
856 2147 999 2211 interiecti,
1015 2150 1093 2212 juxta
1105 2148 1209 2200 Achaim

124 2221 252 2274 chemicis
263 2226 312 2284 est,
327 2219 501 2270 ‘interlicere'
512 2228 540 2270 et
551 2219 649 2270 ‘mori’
687 2223 810 2286 oppidum
827 2224 946 2285 Cleonas,
961 2223 1039 2272 sitnm
1055 2223 1083 2273 in
1099 2224 1142 2275 sia
1152 2239 1209 2292 quae

124 2295 269 2348 ‘OEchuIia'
280 2303 320 2345 est
331 2295 420 2346 domus
431 2296 491 2345 salis
501 2292 563 2346 uiuos
576 2293 647 2344 daber
688 2297 722 2348 ab
732 2297 810 2362 Argis
826 2298 975 2347 Corinthum
987 2297 1068 2348 ducit.

125 2371 196 2421 nude
210 2369 317 2420 Herculi
334 2370 360 2420 iu
378 2376 648 2429 uetereuummoara,
720 2373 876 2423 mmm
892 2371 1001 2436 hydrum]
1029 2373 1120 2422 Lemae
1139 2372 1211 2421 lacus

125 2447 169 2497 eui
180 2445 246 2510 iguis
257 2446 284 2495 in
295 2445 369 2494 salini
379 2444 490 2495 formam
508 2444 651 2508 impositus.
688 2454 829 2496 monstrum
836 2443 1064 2509 multiceps,quod,
1072 2459 1131 2494 cnm
1139 2444 1210 2495 ferro

124 2525 133 2552 ⁴
145 2521 270 2586 Hylaeus'
288 2528 316 2572 ei
329 2521 453 2570 ‘Pholus’
472 2520 580 2582 spiritus
604 2519 651 2568 iru-
690 2535 741 2571 uon
752 2520 974 2584 posset,sbsuiasis
985 2519 1114 2584 capitibus
1127 2524 1212 2583 repul·

127 2599 187 2662 puri
197 2605 266 2658 suut,
276 2613 307 2647 ac
315 2603 452 2646 terrestres
462 2603 490 2646 et
501 2595 650 2659 impetuosi.
691 2596 840 2658 lulasrtibus,
850 2596 910 2660 igue
921 2595 1024 2644 demum
1035 2595 1106 2643 vicit.
1134 2594 1210 2644 Unde

124 2672 231 2722 Talibus
246 2672 319 2736 piget
330 2670 469 2732 immorari,
486 2683 544 2734 qum
563 2671 603 2718 vei
620 2683 651 2718 eo
689 2671 805 2720 Seneca:
832 2668 920 2720 ‘Quid
942 2682 1010 2716 seva
1030 2669 1120 2716 Lernae
1140 2683 1211 2716 mou·

126 2745 295 2796 confutantur
305 2751 465 2808 argumento,
475 2743 543 2809 qnod
559 2742 652 2792 fabella
691 2752 754 2806 stra,
771 2757 931 2792 numerosum
950 2743 1052 2802 malum,
1073 2742 1134 2790 Nou
1152 2741 1211 2806 igne

127 2823 162 2873 de
180 2823 295 2872 Hercule
310 2835 361 2870 non
372 2820 452 2884 magis
462 2819 495 2866 ad
514 2818 653 2878 chemlam,
690 2818 793 2868 demum
802 2817 873 2873 vicit,
884 2831 914 2866 ac
924 2816 1014 2865 docuit
1024 2815 1089 2864 mori
1097 2814 1115 2862 i'

127 2910 204 2962 quam
216 2896 249 2945 ad
267 2895 407 2960 quamlibet
424 2894 500 2943 aliam
512 2899 595 2942 artem
606 2907 652 2942 seu
723 2898 738 2942 3
755 2891 950 2956 Erymantheum]
967 2892 1043 2939 Ilium
1060 2889 1170 2951 scilicet,
1181 2897 1210 2938 ut

131 2970 293 3035 disciplinam
304 2968 399 3020 referri
412 2969 505 3032 potuit.
689 2967 726 3016 ait
737 2968 844 3028 Seneca,
854 2966 979 3014 ‘Solitum
989 2964 1075 3012 densis
1084 2963 1210 3026 hispidum

126 3056 129 3059 ⁴
162 3046 280 3094 lPriusu
290 3044 462 3108 clumbtyu]
479 3043 582 3092 Praeter
596 3042 652 3090 haec
692 3041 840 3104 Erymanthi
847 3040 918 3103 jugis
930 3039 1058 3090 Arcadica
1067 3045 1157 3112 petere
1167 3053 1212 3088 ne·

127 3119 302 3182 Monosticha,
330 3124 421 3169 extant
449 3119 476 3166 in
502 3116 652 3180 virgilianis
691 3115 1015 3166 moraMaeualiurrrsuem.’

129 3196 271 3248 catalecta
292 3202 320 3247 et
337 3196 393 3244 haec
409 3193 469 3256 alia,
480 3191 588 3255 Virgilio
601 3191 652 3240 eti·
723 3195 739 3239 4
755 3188 887 3252 AEripsdis]
909 3189 951 3236 De
966 3188 1014 3236 hac
1027 3201 1088 3236 voce
1103 3187 1158 3249 jam
1170 3202 1212 3238 su-

130 3288 182 3335 am,
203 3279 233 3322 ut
252 3285 320 3334 reor,
347 3282 484 3334 perperam
506 3267 651 3320 attributas
693 3279 740 3330 pra
749 3265 775 3312 iu
788 3263 907 3313 rotatibus
916 3260 1072 3320 animalium,
1082 3260 1140 3310 etin
1152 3260 1211 3310 Gri-

129 3349 137 3374 ⁸
149 3347 309 3411 compressit
321 3346 428 3395 Nemean
439 3342 548 3407 primum
560 3343 654 3390 virtute
693 3342 744 3406 pho
755 3337 860 3388 ternarii
871 3335 978 3385 numeri.
999 3389 1003 3394 ,

129 3425 240 3472 leonem.
283 3411 405 3471 Extincta'
426 3425 467 3470 est
488 3419 577 3480 anguis
595 3431 652 3480 qua
727 3415 790 3464 listit
804 3425 875 3462 omen
890 3423 976 3459 coraus
989 3409 1064 3472 cort]
1077 3408 1141 3458 Cum
1152 3421 1211 3458 euru

130 3497 329 3564 pullulathydra
340 3495 460 3547 secundo.
475 3491 653 3542 Tertiusevic·
692 3503 777 3552 eumn,
798 3492 844 3537 aut
862 3485 947 3549 potius
962 3484 1060 3547 jaculo,
1079 3489 1213 3534 assecutus

129 3580 173 3622 tns
200 3587 243 3623 sus
270 3573 324 3622 est'
341 3567 523 3635 Erymanthius
555 3566 653 3629 ingens.
692 3572 762 3616 esset
782 3564 808 3613 in
835 3561 949 3612 Maeualo
969 3558 1089 3609 Arcadias
1116 3563 1213 3608 moute.

132 3649 260 3699 Cornibus
283 3647 378 3697 auratis
395 3658 499 3694 cervum
516 3647 595 3691 necat
612 3655 653 3689 ur·
693 3636 837 3690 ‘Cervam'
862 3635 929 3685 dixit
953 3633 1026 3697 virg,
1053 3631 1212 3682 AEueid.v1.

131 3723 301 3788 dinequarto.
316 3719 415 3784 Dejicit
422 3717 553 3768 horrisono
564 3715 653 3779 quinto
694 3713 812 3764 ‘Eiserit
822 3710 960 3774 aeripedem
972 3721 1073 3758 cervam
1081 3706 1164 3756 lieet!

130 3796 320 3862 Stymphalidas
335 3809 405 3845 arcu.
421 3792 539 3844 Abstulit
553 3790 654 3854 Hippo·
724 3795 738 3838 ὅ
755 3786 932 3852 Stymphalidos
940 3782 1030 3847 pepulit
1044 3779 1159 3842 minores]
1175 3778 1212 3827 A·

131 3875 194 3937 lytae
205 3869 559 3922 sextomarincuisriuetre.
591 3866 654 3929 Sep·
692 3879 737 3916 ves
753 3863 780 3911 in
795 3861 946 3927 Stymphale
954 3855 1074 3907 Arcadiae
1091 3857 1151 3904 laen
1167 3854 1213 3902 im·

131 3948 211 3997 timus
233 3946 325 4010 Augise
344 3943 473 3994 stabulum
488 3940 654 4004 isboregerit
686 3929 916 4000 'mumntmtsute
927 3931 1116 4005 magnitudinis,
1128 3928 1212 3977 utSo-

133 4022 219 4073 undis.
251 4022 352 4072 Octavo
373 4018 472 4068 domuit
484 4030 581 4080 magno
601 4017 655 4065 luc·
692 4014 724 4063 lis
749 4012 833 4061 radios
860 4008 1042 4058 obumbrarent
1071 4003 1210 4050 volantes:

137 4097 235 4146 tamine
270 4103 379 4144 taurum.
419 4093 485 4142 'l'um
518 4090 654 4141 Diomedis
694 4076 1124 4154 quaeavesArcadiamrastabunt.

133 4185 223 4235 equos,
233 4183 309 4248 noso,
319 4184 378 4220 cum
390 4181 451 4232 rege
461 4166 580 4231 peremit.
602 4166 655 4216 lia·
